@inproceedings{	gurevych2012uby,
	author = {Iryna Gurevych and Judith Eckle-Kohler and Silvana Hartmann and Michael
Matuschek and Christian M. Meyer and Christian Wirth},
	title = {{UBY - A Large-Scale Unified Lexical-Semantic Resource}},
	year = {2012},
	booktitle = {Proceedings of the 13th Conference of the European Chapter of the
Association for Computational Linguistics (EACL 2012)},
	pages = {580--590},
	address = {Avignon, France},
	pubkey = {TUD-CS-2012-0023},
	research_area = {Ubiquitous Knowledge Processing},
	research_sub_area = {UKP_p_QAEL, UKP_p_EduWeb, UKP_a_ENLP},
	Website = {www.ukp.tu-darmstadt.de/data/uby (Link: http://www.ukp.tu-darmstadt.de/\"http://www.ukp.tu-darmstadt.de/data/uby\" )},
}

@inproceedings{niemann2011peoples,
	Address = {Oxford, UK},
	Author = {Elisabeth Niemann and Iryna Gurevych},
	Booktitle = {Proceedings of the 9th International Conference on Computational Semantics (IWCS)},
	Date-Added = {2012-03-16 11:18:51 +0100},
	Date-Modified = {2012-03-16 11:18:51 +0100},
	Pages = {205--214},
	Title = {{The People's Web meets Linguistic Knowledge: Automatic Sense Alignment of Wikipedia and WordNet}},
	Year = {2011}
	}

@book{	TUD-CS999-0006,
	author = {Judith Eckle-Kohler},
	title = {Linguistisches Wissen zur automatischen Lexikon-Akquisition aus deutschen
Textcorpora},
	year = {1999},
	publisher = {Logos-Verlag},
	school = {Technische Universit{\"a}t Stuttgart},
	address = {Berlin, Germany},
	note = {PhDThesis},
	pubkey = {TUD-CS-1999-0006},
	research_area = {Ubiquitous Knowledge Processing},
}

@book{Fellbaum1998,
address = {Cambridge, MA, USA},
author = {Fellbaum, Christiane},
editor = {Fellbaum, Christiane},
publisher = {MIT Press},
title = {{WordNet: An Electronic Lexical Database}},
year = {1998}
}



@inproceedings{meyer2011what,
	Address = {Chiang Mai, Thailand},
	Author = {Christian M. Meyer and Iryna Gurevych},
	Booktitle = {Proceedings of the 5th International Joint Conference on Natural Language Processing (IJCNLP)},
	Date-Added = {2012-03-16 11:18:37 +0100},
	Date-Modified = {2012-03-16 11:18:37 +0100},
	Language = {English},
	Pages = {883--892},
	Pubkey = {TUD-CS-2011-0203},
	Research_Area = {Ubiquitous Knowledge Processing},
	Research_Sub_Area = {UKP_a_NLP4Wikis, UKP_p_EduWeb},
	Title = {{What Psycholinguists Know About Chemistry: Aligning Wiktionary and WordNet for Increased Domain Coverage}},
	Year = {2011}}

@InProceedings{tonelli-pighin:2009:CoNLL,
  author    = {Tonelli, Sara  and  Pighin, Daniele},
  title     = {New Features for FrameNet - WordNet Mapping},
  booktitle = {Proceedings of the Thirteenth Conference on Computational Natural Language Learning (CoNLL-2009)},
  month     = {June},
  year      = {2009},
  address   = {Boulder, Colorado},
  publisher = {Association for Computational Linguistics},
  pages     = {219--227},
  url       = {http://www.aclweb.org/anthology/W09-1127}
}

@InProceedings{laparra-rigau:2009:RANLP09,
  author    = {Laparra, Egoitz  and  Rigau, German},
  title     = {Integrating WordNet and FrameNet using a Knowledge-based Word Sense Disambiguation Algorithm},
  booktitle = {Proceedings of the International Conference RANLP-2009},
  month     = {September},
  year      = {2009},
  address   = {Borovets, Bulgaria},
  publisher = {Association for Computational Linguistics},
  pages     = {208--213},
  url       = {http://www.aclweb.org/anthology/R09-1039}
}


@inproceedings{ecklekohler2012uby,
	author = {Judith Eckle-Kohler and Iryna Gurevych and Silvana Hartmann and Michael
Matuschek and Christian M. Meyer},
	title = {{UBY-LMF –- A Uniform Format for Standardizing
Heterogeneous Lexical-Semantic Resources in ISO-LMF}},
	year = {2012},
	booktitle = {Proceedings of the 8th International Conference on Language Resources and Evaluation
	 (LREC 2012)},
	pages = {275--282},
	address = {Istanbul, Turkey}
}

@incollection{	TUD-CS-2013-0003,
	author = {Judith Eckle-Kohler and Iryna Gurevych and Silvana Hartmann and Michael
Matuschek and Christian M. Meyer},
	title = {{UBY-LMF - exploring the boundaries of language-independent
lexicon models}},
	year = {2013},
	publisher = {	ISTE - Wiley},
	address = {London, UK},
	booktitle = {LMF: Lexical Markup Framework, theory and practice},
	editor = {Gil Francopoulo},
	pages = {(to appear)},
	language = {English},
	pubkey = {TUD-CS-2013-0003},
	research_area = {Ubiquitous Knowledge Processing},
	research_sub_area = {UKP_p_UBY, not_reviewed},
	Website = {http://www.ukp.tu-darmstadt.de/uby/ (Link: http://www.ukp.tu-darmstadt.de/\"http://www.ukp.tu-darmstadt.de/uby/\" )},
}

@inproceedings{	TUD-CS-2012-0024,
	author = {Judith Eckle-Kohler and Iryna Gurevych},
	title = {{Subcat-LMF: Fleshing out a standardized format for subcategorization frame
interoperability}},
	year = {2012},
	address = {Avignon, France},
	booktitle = {Proceedings of the 13th Conference of the European Chapter of the
Association for Computational Linguistics (EACL 2012)},
	pages = {550--560},
	pubkey = {TUD-CS-2012-0024},
	research_area = {Ubiquitous Knowledge Processing},
	research_sub_area = {Educational Natural Language Processing, UKP_p_UBY, UKP_p_InCoRe},
	pdf = {fileadmin/user_upload/Group_UKP/publikationen/2012/EACL2012subcatLMFcamera.pdf},
}

@book{levin93,
author = {Levin, Beth},
 year = {1993},
 title = {{English Verb Classes and Alternations}},
 publisher = {The University of Chicago Press},
address = {Chicago, IL, USA}
}

@inproceedings{navigli2012babelnet,
  author    = {Roberto Navigli},
  title     = {BabelNet goes to the (Multilingual) Semantic Web},
  booktitle = {Proceedings of the 3rd Workshop on the Multilingual Semantic
Web},
  pages = {6--15},
  year      = {2012}

}

@article{Bizer_Lehmann_Kobilarov_Auer_Becker_Cyganiak_Hellmann_2009,
title={{DBpedia -- A Crystallization Point for the Web of Data}},
journal={Journal of Web Semantics: Science, Services and Agents on the World Wide Web},
author={Bizer, Christian and Lehmann, Jens and Kobilarov, Georgi and Auer, Sören and Becker, Christian
and Cyganiak, Richard and Hellmann, Sebastian},
year={2009},
pages={154--165},
  volume={7},
  number={3},
}

@InProceedings{Kunze02,
  author = {Kunze, Claudia and Lemnitzer, Lothar},
  title = {{GermaNet} — representation, visualization, application},
  booktitle = {Proceedings of the Third International Conference on Language Resources and Evaluation (LREC)},
  year = {2002},
  pages = {1485--1491},
  address = {Las Palmas, Canary Islands, Spain}
 }


@Article{TC32012,
title = {{Multilingual Knowledge in Aligned Wiktionary and OmegaWiki for Computer-Aided Translation}},
journal = {Translation: Computation, Corpora, Cognition. Special Issue on
"Language Technology for a Multilingual Europe" (to appear)},
year = {2012},
publisher = {Oliver Čulo},
author = {Michael Matuschek and Christian M. Meyer and Iryna Gurevych}
}


@INPROCEEDINGS{francopoulo2006lexical,
	author = {Francopoulo, Gil and Bel, Nuria and George, Monte and Calzolari, Nicoletta and Monachini, Monica and Pet, Mandy and Soria, Claudia},
  title = {Lexical {Markup Framework} ({LMF})},
  booktitle = {Proceedings of the Fifth International Conference on Language Resources and Evaluation (LREC)},
  address = {Genoa, Italy},
  pages = {233--236},
  year = {2006}
}	


@inproceedings{francopoulo2007lexical,
  title={{Lexical markup framework: ISO standard for semantic information in NLP
lexicons}},
  author={Francopoulo, G. and Bel, N. and George, M. and Calzolari, N. and Monachini, M. and Pet, M. and Soria, C.},
  booktitle={Proceedings of the Workshop of the GLDV Working Group on Lexicography at the Biennial Spring Conference of the GLDV},
  year={2007}
}


@article{mccrae2011linking,
	Author = {McCrae, J. and Spohr, D. and Cimiano, P.},
	Journal = {The {Semantic Web}: {Research} and Applications},
	Pages = {245--259},
	Publisher = {Springer},
	Title = {Linking Lexical Resources and Ontologies on the Semantic Web with {Lemon}},
	Year = {2011}}


@inproceedings{van2006conversion,
	Author = {Van Assem, M. and Gangemi, A. and Schreiber, G.},
	Booktitle = {Proceedings of the Fifth International Conference on Language Resources and Evaluation LREC'06},
	Organization = {Citeseer},
	Title = {Conversion of {WordNet} to a standard {RDF/OWL} representation},
	Year = {2006},
	pages = {237--242}
	}
	
	
@article{mccrae2012interchanging,
year={2012},
journal={Language Resources and Evaluation},
volume={46},
issue={4},
doi={10.1007/s10579-012-9182-3},
title={Interchanging lexical resources on the Semantic Web},
publisher={Springer Netherlands},
author={McCrae, John and Aguado-de-Cea, Guadalupe and Buitelaar, Paul and Cimiano, Philipp and Declerck, Thierry and G\'omez-P\'erez, Asunci\'on and Gracia, Jorge and Hollink, Laura and Montiel-Ponsoda, Elena and Spohr, Dennis and Wunner, Tobias},
pages={701-719}
}


@ARTICLE{shadbolt2006semantic,
  author = {Shadbolt, N. and Hall, W. and Berners-Lee, T.},
  title = {{The semantic web revisited}},
  journal = {IEEE intelligent systems},
  year = {2006},
  volume = {21},
  pages = {96--101},
  number = {3}
}



@article{mccrae2012integrating,
  title={Integrating WordNet and Wiktionary with lemon},
  author={McCrae, J. and Montiel-Ponsoda, E. and Cimiano, P.},
  journal={Linked Data in Linguistics},
  pages={25--34},
  year={2012},
  publisher={Springer}
}


@article{farrar2003linguistic,
	Author = {S. Farrar and D.~T. Langendoen},
	Journal = {GLOT International},
	Pages = {97--100},
	Title = {{A Linguistic Ontology for the Semantic Web}},
	Volume = {7},
	Year = {2003}}


@conference{kemps2008isocat,
	Address = {Marrakech, Morocco},
	Author = {Kemps-Snijders, Marc and Windhouwer, Menzo and Wittenburg, Peter and Wright, Sue Ellen},
	Booktitle = {Pro\-cee\-dings of the International Con\-fe\-rence on Language Resources and Eva\-lu\-ation (LREC 2008)},
	pages= {887--891},
	Title = {{ISOcat: Corralling data categories in the wild}},
	Year = {2008}}

	
@article{chiarcos2008ontology,
	shortAuthor = {Chiarcos, C.},
	author = {Christian Chiarcos},
	Journal = {LDV Forum},
	Nonote = {Foundations of Ontologies in Text Technology, Part II: Applications},
	Number = {1},
	Pages = {1-16},
	Title = {An ontology of linguistic annotations},
	Volume = {23},
	Year = {2008}}
	
	

@inproceedings{chiarcos2012ontologies,
  title={Ontologies of linguistic annotation: Survey and perspectives},
  author={Chiarcos, C.},
  booktitle={Proceedings of the Eighth International Conference on Language Resources and Evaluation (LREC)},
  year={2012},
  pages={303--310}
}


@proceedings{schmidt2006avoiding,
	editor = {Schmidt, Thomas and Chiarcos, Christian and Lehmberg, Timm and
Rehm, Georg and Witt, Andreas and Hinrichs, Erhard},
	note = {{Pro\-cee\-dings of the E-MELD workshop on Digital Language
Documentation}},
	title = {{Avoiding data graveyards: From heterogeneous data collected in multiple research projects to sustainable linguistic resources}},
	Nomonth = {June},
	Year = {2006},
	
	}
	
	

@article{rehm2008ontology,
  title={Ontology-based XQuery'ing of XML-encoded language resources on multiple annotation layers},
  author={Rehm, G. and Eckart, R. and Chiarcos, C. and Dellert, J.},
  journal={Corpus},
  volume={2},
  number={3},
  pages={1},
  year={2008}
  }


@conference{farrar2003markup,
	Author = {Farrar, Scott and Langendoen, D. Terence},
	Booktitle = {EMELD Workshop on Di\-gi\-ti\-zing and Annotating Text and Field Recordings},
	Month = {July},
	Myurl = {http://emeld.org/workshop/2003/proceeding03.html#papers},
	Publisher = {Michigan State University},
	Title = {{Markup and the GOLD ontology}},
	Year = {2003},
	pages ={1--19}
	}

@article{chiarcos2011towards,
  title={Towards a linguistic linked open data cloud: The open linguistics working group},
  author={Chiarcos, C. and Hellmann, S. and Nordhoff, S.},
  journal={Traitement automatique des langues},
  year={2011},
  volume=52,
  number=3,
  pages={245--275}

}

@book{chiarcos2012linked,
	Editor = {Christian Chiarcos and Sebastian Nordhoff and Sebastian Hellmann},
	noNote = {companion volume of the Workshop on Linked Data in Linguistics 2012 (LDL-2012), held in conjunction with the 34th Annual Meeting of the German Linguistic Society (DGfS), March 2012, Frankfurt/M., Germany},
	Publisher = {Springer},
    address="Heidelberg",
	Title = {Linked Data in Linguistics. Representing Language Data and Metadata},
	Year = {2012}}
	
	@incollection{ldl-windhouwer,
	author={ Windhouwer, Menzo and Wright, Sue Ellen},
	title={Linking to linguistic data categories in {ISO}cat},
	crossref={chiarcos2012linked},
	pages={99-107}
}

	
@inproceedings{baker1998berkley,
	title = {The {B}erkeley {F}rame{N}et project},
	booktitle = {Proceedings of the 36th Annual Meeting of the Association for Computational Linguistics
and 17th International Conference on Computational Linguistics (COLING-ACL'98)},
	year = {1998},
	pages = {86--90},
	address = {Montreal, Canada},
	author = {Baker, Collin F. and Fillmore, Charles J. and Lowe, John B.}
}


@inproceedings{baker2009wordnet,
 author = {Baker, Collin F. and Fellbaum, Christiane},
 title = {{WordNet and FrameNet as complementary resources for annotation}},
 booktitle = {{Proceedings of the Third Linguistic Annotation Workshop}},
 series = {ACL-IJCNLP '09},
 year = {2009},
 address = {Suntec, Singapore},
 pages = {125--129}
}

@article{kipper2008large,
   author = {Karin Kipper and Anna Korhonen and Neville Ryant and Martha Palmer},
   title = {{A Large-scale Classification of English Verbs}},
   journal = {Language Resources and Evaluation},
   publisher = {Springer Netherlands},
   pages = {21-40},
   volume = {42},
   issue = {1},
   year = {2008}
}


@article{narayanan2003framenet,
  title={FrameNet meets the semantic web: Lexical semantics for the web},
  author={Narayanan, S. and Baker, C. and Fillmore, C. and Petruck, M.},
  journal={The Semantic Web-ISWC 2003},
  pages={771--787},
  year={2003},
  publisher={Springer}
}


@inproceedings{schuurman-windhouwer-2011-relcat,
    author="Schuurman, I. and Windhouwer, M.A.",
    title="Explicit Semantics for Enriched Documents. {What} Do {ISOcat, RELcat and SCHEMAcat} Have To Offer?",
    booktitle="Proc. 2nd Supporting Digital Humanities conference (SDH 2011)",
    address="Copenhagen, Denmark",
    month="November",
    year="2011"
}

@article{hellmann2012nif,
  title={NIF Combinator: Combining NLP Tool Output},
  author={Hellmann, S. and Lehmann, J. and Auer, S. and Nitzschke, M.},
  journal={Knowledge Engineering and Knowledge Management},
  pages={446--449},
  year={2012},
  publisher={Springer}
}


@inproceedings{chiarcos2010towards,
  title={Towards robust multi-tool tagging. An OWL/DL-based approach},
  author={Chiarcos, C.},
  booktitle={Proceedings of the 48th Annual Meeting of the Association for Computational Linguistics},
  pages={659--670},
  year={2010},
  organization={Association for Computational Linguistics}
}


@inproceedings{ide-etal08-masc,
    author="Ide, N. and Baker, C. and Fellbaum, C. and
Fillmore, C. and Passonneau, R.", year="2008", title="{MASC:
The Manually Annotated Sub-Corpus of American English}",
booktitle="Proc. 6th Language Resources and
Evaluation Conference (LREC 2008)", address="Marrakesh, Morocco" }
