%% This BibTeX bibliography file was created using BibDesk.
%% http://bibdesk.sourceforge.net/


%% Created for stiv at 2012-03-16 11:18:52 +0100


%% Saved with string encoding Unicode (UTF-8)


@inproceedings{EckleKohler2012,
	author = {Judith Eckle-Kohler and Iryna Gurevych and Silvana Hartmann and Michael
Matuschek and Christian M. Meyer},
	title = {{UBY-LMF –- A Uniform Format for Standardizing
Heterogeneous Lexical-Semantic Resources in ISO-LMF}},
	year = {2012},
	booktitle = {Proceedings of the 8th International Conference on Language Resources and Evaluation
	 (LREC 2012)},
	pages = {275--282},
	address = {Istanbul, Turkey}
}

@Article{TC32012,
title = {{Multilingual Knowledge in Aligned Wiktionary and OmegaWiki for Computer-Aided Translation}},
journal = {Translation: Computation, Corpora, Cognition. Special Issue on "Language Technology for a Multilingual Europe"},
year = {2013},
publisher = {Oliver Čulo},
pages = {87--118},
author = {Michael Matuschek and Christian M. Meyer and Iryna Gurevych}
}

@inproceedings{Baker:2009,
 author = {Baker, Collin F. and Fellbaum, Christiane},
 title = {{WordNet and FrameNet as complementary resources for annotation}},
 booktitle = {{Proceedings of the Third Linguistic Annotation Workshop}},
 series = {ACL-IJCNLP '09},
 year = {2009},
 address = {Suntec, Singapore},
 pages = {125--129}
} 



@inproceedings{Niemann2011,
	Address = {Oxford, UK},
	Author = {Elisabeth Niemann and Iryna Gurevych},
	Booktitle = {Proceedings of the 9th International Conference on Computational Semantics (IWCS)},
	Date-Added = {2012-03-16 11:18:51 +0100},
	Date-Modified = {2012-03-16 11:18:51 +0100},
	Pages = {205--214},
	Title = {{The People's Web meets Linguistic Knowledge: Automatic Sense Alignment of Wikipedia and WordNet}},
	Year = {2011}}

@inproceedings{Meyer2011,
	Address = {Chiang Mai, Thailand},
	Author = {Christian M. Meyer and Iryna Gurevych},
	Booktitle = {Proceedings of the 5th International Joint Conference on Natural Language Processing (IJCNLP)},
	Date-Added = {2012-03-16 11:18:37 +0100},
	Date-Modified = {2012-03-16 11:18:37 +0100},
	Language = {English},
	Pages = {883--892},
	Pubkey = {TUD-CS-2011-0203},
	Research_Area = {Ubiquitous Knowledge Processing},
	Research_Sub_Area = {UKP_a_NLP4Wikis, UKP_p_EduWeb},
	Title = {{What Psycholinguists Know About Chemistry: Aligning Wiktionary and WordNet for Increased Domain Coverage}},
	Year = {2011}}

@misc{Haspelmath_etal2008,
	Author = {Martin Haspelmath and Matthew S. Dryer and David Gil and Bernard Comrie},
	Date-Added = {2012-03-16 11:02:16 +0100},
	Date-Modified = {2012-03-16 11:02:16 +0100},
	Howpublished = {Munich: Max Planck Digital Library. Available online at http://wals.info/},
	Owner = {stiv},
	Timestamp = {2010.04.27},
	Title = {The World Atlas of Language Structures Online},
	Year = {2008}}

@book{HaspelmathTadmor2009,
	editor={Martin Haspelmath and Uri Tadmor},
	url={http://wold.livingsources.org/},
	Date-Modified = {2012-03-16 11:01:04 +0100},
	Publisher = {Max Planck Digital Library},
	Title = {World Loanword Database},
	Year = {2009}}

@inproceedings{Moran_etal2012,
	Author = {Steven Moran and Daniel McCloy and Richard Wright},
	Booktitle = {LSA Annual Meeting Extended Abstracts 2012. eLanguage.},
	Date-Added = {2012-03-16 10:45:21 +0100},
	Date-Modified = {2012-03-16 10:48:25 +0100},
	Title = {Revisiting the population vs phoneme-inventory correlation},
	Year = {2012}}

@article{Lehmann_etal2009,
	Author = {Jens Lehmann and Christian Bizer and Georgi Kobilarov and S\"oren Auer and Christian Becker and Richard Cyganiak and Sebastian Hellmann},
	Date-Added = {2012-03-13 16:57:54 +0100},
	Date-Modified = {2012-03-13 16:59:22 +0100},
	Journal = {Journal of Web Semantics},
	Number = {3},
	Pages = {154--165},
	Title = {{DBpedia} -- {A} crystallization point for the web of data},
	Volume = {7},
	Year = {2009}}

@inproceedings{Burchardt_etal2008,
	Address = {Hyderabad, India},
	Author = {A. Burchardt and S. Pad{\'o} and D. Spohr and A. Frank and U. Heid},
	Booktitle = {Proceedings of the 3rd International Joint Conference on NLP (IJCNLP 2008)},
	Date-Added = {2012-03-13 16:50:19 +0100},
	Date-Modified = {2012-03-13 16:51:22 +0100},
	Title = {Formalising Multi-layer Corpora in OWL/DL -- Lexicon Modelling, Querying and Consistency Control},
	Year = {2008}}

@article{Hyman2008,
	Author = {Larry M. Hyman},
	Date-Added = {2012-03-13 15:30:06 +0100},
	Date-Modified = {2012-03-13 15:30:06 +0100},
	Journal = {The Linguistic Review},
	Owner = {stiv},
	Pages = {83--137},
	Timestamp = {2009.12.24},
	Title = {Universals in Phonology},
	Volume = {25},
	Year = {2008}}

@inproceedings{powla,
	Author = {Christian Chiarcos},
	Booktitle = {Proceedings of 9th Extended Semantic Web Conference (ESWC2012)},
	Title = {{POWLA: Modeling} linguistic corpora in {OWL/DL}},
	Year = {2012}}

@article{BishopKOPTV11a,
	Added-At = {2011-09-14T00:00:00.000+0200},
	Author = {Bishop, Barry and Kiryakov, Atanas and Ognyanov, Damyan and Peikov, Ivan and Tashev, Zdravko and Velkov, Ruslan},
	Biburl = {http://www.bibsonomy.org/bibtex/2b96f45878faf99f8493a1095b9dd4fb1/dblp},
	Ee = {http://dx.doi.org/10.3233/SW-2011-0040},
	Interhash = {884378f2a8c9be95b0bcf9b7cb5756ab},
	Intrahash = {b96f45878faf99f8493a1095b9dd4fb1},
	Journal = {Semantic Web},
	Keywords = {dblp},
	Number = 2,
	Pages = {157-166},
	Timestamp = {2011-09-14T00:00:00.000+0200},
	Title = {FactForge: A fast track to the Web of data.},
	Url = {http://dblp.uni-trier.de/db/journals/semweb/semweb2.html#BishopKOPTV11a},
	Volume = 2,
	Year = 2011,
	Bdsk-Url-1 = {http://dblp.uni-trier.de/db/journals/semweb/semweb2.html#BishopKOPTV11a}}

@article{HammarstroemEtAl2011oslo,
	Author = {Hammarstr\"om, Harald and Nordhoff, Sebastian},
	Editor = {J. B. Johannessen},
	Journal = {Oslo Studies in Language},
	Note = {Language Variation Infrastructure},
	Number = {2},
	Pages = {31-43},
	Title = {LangDoc: Bibliographic Infrastructure for Linguistic Typology},
	Url = {https://www.journals.uio.no/index.php/osla/article/view/75/199},
	Volume = {3},
	Year = {2011},
	Bdsk-Url-1 = {https://www.journals.uio.no/index.php/osla/article/view/75/199}}

@inproceedings{ling:GoodHendryx:Categorization,
	Address = {East Lansing, Michigan},
	Author = {Good, Jeff and Calvin Hendryx-Parker},
	Booktitle = {Proceedings of the EMELD Workshop on Digital Language Documentation},
	Title = {Modeling Contested Categorization in Linguistic Databases},
	Year = {2006}}

@article{ASJP2008,
	Author = {Brown, Cecil H. and Eric W. Holman and S\"oren Wichmann and Viveka Velupillai.},
	Journal = {STUF - Language Typology and Universals},
	Number = {4},
	Owner = {snordhoff},
	Pages = {286-308},
	Timestamp = {2011.10.12},
	Title = {Automated classification of the world's languages: A description of the method and preliminary results},
	Volume = {61},
	Year = {2008}}

@inproceedings{NordhoffEtAl2011iswc,
	Author = {Sebastian Nordhoff and Harald Hammarstr\"om},
	Booktitle = {Proceedings of the First International Workshop on Linked Science 2011},
	Owner = {snordhoff},
	Series = {CEUR Workshop Proceedings},
	Timestamp = {2011.10.12},
	Title = {{Glottolog/Langdoc: Defining} dialects, languages, and language families as collections of resources},
	Url = {http://iswc2011.semanticweb.org/fileadmin/iswc/Papers/Workshops/LISC/nordhoff.pdf},
	Volume = {783},
	Year = {2011},
	Bdsk-Url-1 = {http://iswc2011.semanticweb.org/fileadmin/iswc/Papers/Workshops/LISC/nordhoff.pdf}}

@inproceedings{Abeille00buildinga,
	Annote = {the French Treebank, Abeill\'{e} and Barrier, 2004: Anne Abeill\'{e} and Nicolas Barrier. 2004. Enriching a
french treebank. In Proc. of LREC'04, Lisbon, Portugal.},
	Author = {Anne Abeill\'{e} and Lionel Clement and Alexandra Kinyon},
	Booktitle = {In Proc. LREC 2000},
	Diacriticsauthor = {Anne Abeill\'{e} and Lionel Cl\'{e}ment and Alexandra Kinyon},
	Title = {Building a treebank for {French}},
	Url = {cf. http://www.llf.cnrs.fr/Gens/Abeille/French-Treebank-fr.php},
	Year = {2000},
	Bdsk-Url-1 = {cf.%20http://www.llf.cnrs.fr/Gens/Abeille/French-Treebank-fr.php}}

@inproceedings{trissl2007fast,
	Author = {Tri{\ss}l, S. and Leser, U.},
	Booktitle = {Proc. 2007 ACM SIGMOD international conference on Management of data},
	Organization = {ACM},
	Pages = {845--856},
	Title = {Fast and practical indexing and querying of very large graphs},
	Year = {2007}}

@inproceedings{trissl07,
	Address = {Berlin, Germany},
	Author = {Silke Tri {\ss}l and Florian Zipser and Ulf Leser},
	Booktitle = {Proc. XML Tage},
	Title = {Applying {GRIPP} to {XML} Documents containing {XInclude} and {XLink} Elements},
	Year = {2007}}

@inproceedings{trissl07,
	Address = {Berlin},
	Author = {Silke Tri{\ss}l and Florian Zipser and Ulf Leser},
	Booktitle = {Proc. XML Tage},
	Title = {Applying {GRIPP} to {XML} Documents containing {XInclude} and {XLink} Elements},
	Year = {2007}}

@misc{bizer_2011_dataintegration,
	Author = {Chris Bizer},
	Howpublished = {\url{http://www.wiwiss.fu-berlin.de/en/institute/pwo/bizer/research/publications/Bizer-GlobalDataSpace-Talk-BNCOD2011.pdf}},
	Note = {Keynote at 28th British National Conference on Databases (BNCOD2011)},
	Title = {Evolving the Web into a Global Data Space},
	Year = {2011}}

@misc{bernersLee2006_linkeddata,
	Author = {Tim Berners-Lee},
	Howpublished = {\url{http://www.w3.org/DesignIssues/LinkedData.html}},
	Title = {Design Issues: Linked Data},
	Year = {2006}}

@misc{leech1996eagles,
	Author = {Leech, G. and Wilson, A.},
	Howpublished = {\url{http://www.ilc.cnr.it/EAGLES/annotate/annotate.html}},
	Title = {{EAGLES} Recommendations for the Morphosyntactic Annotation of Corpora},
	Url = {http://www.ilc.cnr.it/EAGLES/annotate/annotate.html},
	Year = {1996},
	Bdsk-Url-1 = {http://www.ilc.cnr.it/EAGLES/annotate/annotate.html}}

@conference{erjavec2004multext,
	Address = {Lisboa, Portugal},
	Author = {Erjavec, T.},
	Booktitle = {Fourth International Con\-fe\-rence on Language Resources and Eva\-lu\-ation, (LREC 2004)},
	Month = {May},
	Pages = {1535--1538},
	Title = {{MULTEXT-East version 3: Multilingual morphosyntactic specifications, lexicons and corpora}},
	Year = {2004}}

@inproceedings{chiarcos-erjavec:2011:LAW,
	Address = {Portland},
	Author = {Chiarcos, C. and Erjavec, T.},
	Booktitle = {5th Linguistic Annotation Workshop},
	Fulladdress = {Portland, Oregon, USA},
	Fullauthor = {Chiarcos, Christian and Erjavec, Tomaz},
	Nomonth = {June},
	Nopublisher = {Association for Computational Linguistics},
	Nourl = {http://www.aclweb.org/anthology/W11-0402},
	Pages = {11--20},
	Title = {{OWL/DL formalization of the MULTEXT-East morphosyntactic specifications}},
	Year = {2011}}

@article{chiarcos2008flexible,
	Author = {Christian Chiarcos and Stefanie Dipper and Michael G\"otze and Ulf Leser and Anke L\"udeling and Julia Ritz and Manfred Stede},
	Journal = {TAL (Traitement automatique des langues)},
	Number = 2,
	Title = {{A Flexible Framework for Integrating Annotations from Different Tools and Tagsets}},
	Volume = 49,
	Year = {2008}}

@inproceedings{chiarcos2010-lrec,
	Address = {Valetta, Malta},
	Author = {Chiarcos, C.},
	Booktitle = {LREC 2010 Workshop on Language Resource and Language Technology Standards (LT\&LTS)},
	Fullauthor = {Christian Chiarcos},
	Fullbooktitle = {Proc. LREC 2010 Workshop Language Resource and Language Technology Standards (LT\&LTS). State of the Art, Emerging Needs, and Future Developments},
	Month = {May},
	Pages = {37-40},
	Title = {Grounding an Ontology of Linguistic Annotations in the {Data Category Registry}},
	Year = {2010}}

@conference{tzoukermann1997effective,
	Address = {Philadelphia, Pennsylvania; USA},
	Annote = {beschreiben integration von POS und morphologie},
	Author = {Tzoukermann, E. and Klavans, J.L. and Jacquemin, C.},
	Booktitle = {20th Annual International ACM SIGIR Con\-fe\-rence on Research and Development in Information Retrieval (SIGIR)},
	Month = {July 27--31},
	Myorganization = {Association for Computing Machinery},
	Myurl = {http://reference.kfupm.edu.sa/content/e/f/effective_use_of_natural_language_proces_223118.pdf},
	Pages = {148-155},
	Title = {{Effective Use of Natural Language Processing Techniques for Automatic Conflation of Multi-Word Terms: The Role of Derivational Mor\-pho\-lo\-gy, Part of Speech Tagging, and Shallow Parsing}},
	Year = {1997}}

@article{wilks1998grammar,
	Annote = {anschauen, beschreibt evtl. pipeline-konzept},
	Author = {Wilks, Y. and Stevenson, M.},
	Journal = {Natural Language Engineering},
	Mypublisher = {Cambridge University Press},
	Number = {2},
	Pages = {135--143},
	Title = {{The grammar of sense: Using part-of-speech tags as a first step in semantic disambiguation}},
	Volume = {4},
	Year = {1998}}

@conference{gietz6textgrid,
	Address = {Amsterdam, The Netherlands},
	Author = {Gietz, P. and Aschenbrenner, A. and Budenbender, S. and Jannidis, F. and K{\"u}ster, M.W. and Ludwig, C. and Pempe, W. and Vitt, T. and Wegstein, W. and Zielinski, A.},
	Booktitle = {Pro\-cee\-dings of the Second IEEE International Con\-fe\-rence on e-Science and Grid Computing (E-SCIENCE '06)},
	Fullauthor = {Peter Gietz, Andreas Aschenbrenner, Stefan B{\"u}denbender, Fotis Jannidis, Marc Wilhelm K{\"u}ster, Christoph Ludwig, Wolfgang Pempe, Thorsten Vitt, Werner Wegstein, Andrea Zielinski},
	Month = {December},
	Myorganization = {IEEE Computer Society},
	Pages = {133--141},
	Title = {{TextGrid and eHumanities}},
	Year = {2006}}

@inproceedings{aschenbrenner-textgrid,
	Address = {Alicante, Spain},
	Author = {Aschenbrenner, A. and Gietz, P. and K{{\"u}}ster, M.W. and Ludwig, C. and Neuroth, H.},
	Booktitle = {Pro\-cee\-dings of the International Workshop on Digital Lib\-ra\-ry Goes e-Science (DLSci06)},
	Fullauthor = {Andreas Aschenbrenner, Peter Gietz, Marc Wilhelm K{\"u}ster, Christoph Ludwig and Heike Neuroth},
	Fullmonth = {September 21, 2006},
	Month = {September},
	Mypublisher = {Citeseer},
	Pages = {27--36},
	Title = {{TextGrid. A modular platform for collaborative textual editing}},
	Year = {2006}}

@inproceedings{crysmann2001integrated,
	Address = {Philadelphia, Pennsylvania, USA},
	Author = {Crysmann, B. and Frank, A. and Kiefer, B. and M{{\"u}}ller, S. and Neumann, G. and Piskorski, J. and Sch{\"a}fer, U. and Siegel, M. and Uszkoreit, H. and Xu, F. and Becker, M. and Krieger, H.},
	Booktitle = {Pro\-cee\-dings of 40th Annual Meeting of the Association for Computational Linguistics},
	Fullauthor = {Berthold Crysmann and Anette Frank and Kiefer Bernd and Stefan Mueller and Guenter Neumann and Jakub Piskorski and Ulrich Schaefer and Melanie Siegel and Hans Uszkoreit and Feiyu Xu and Markus Becker and Hans-Ulrich Krieger},
	Month = {July},
	Mydoi = {10.3115/1073083.1073157},
	Mypublisher = {Association for Computational Linguistics},
	Myurl = {http://www.aclweb.org/anthology/P02-1056},
	Pages = {441--448},
	Title = {{An integrated architecture for shallow and deep pro\-ces\-sing}},
	Year = {2002}}

@conference{bikel2002design,
	Author = {Bikel, D.M.},
	Booktitle = {Pro\-cee\-dings of the second international conference on Human Language Technology Research (HLT 2002)},
	Myaddress = {San Francisco, CA, USA evtl. der publisher},
	Myorganization = {Morgan Kaufmann Publishers Inc.},
	Mypages = {178--182 (citeseer hat andere angaben)},
	Title = {{Design of a multi-lingual, pa\-ral\-lel-pro\-ces\-sing statistical parsing engine}},
	Year = {2002}}

@conference{mcmillian2008distributed,
	Author = {McMillian, Y. and Gilbert, J.E.},
	Booktitle = {Pro\-cee\-dings of the 46th Annual Meeting of the Association for Computational Linguistics on Human Language Technologies},
	Myorganization = {Association for Computational Linguistics},
	Pages = {173--176},
	Title = {{Distributed listening: a pa\-ral\-lel pro\-ces\-sing approach to automatic speech recognition}},
	Year = {2008}}

@conference{luis2009high,
	Address = {Singapore},
	Author = {Lu{\'\i}s, T. and de Matos, D.M.},
	Booktitle = {Pro\-cee\-dings of the Third Linguistic Annotation Workshop (LAW-III) held in conjunction with ACL-IJCNLP 2009},
	Month = {August},
	Myorganization = {Association for Computational Linguistics},
	Pages = {99--107},
	Title = {{High-performance high-volume layered corpora annotation}},
	Year = {2009}}

@conference{egner7uima,
	Address = {Rio de Janeiro, Brazil},
	Author = {Egner, M.T. and Lorch, M. and Biddle, E.},
	Booktitle = {Pro\-cee\-dings of the Seventh IEEE International Symposium on Cluster Computing and the Grid (CCGRID'07)},
	Month = {May},
	Pages = {317--326},
	Title = {{UIMA Grid: Distributed large-scale text a\-na\-ly\-sis}},
	Year = {2007}}

@article{carl2000towards,
	Author = {Carl, M. and Pease, C. and Iomdin, L.L. and Streiter, O.},
	Journal = {Machine Translation},
	Mypublisher = {Springer},
	Number = {3},
	Pages = {223--257},
	Title = {{Towards a dynamic linkage of example-based and rule-based machine translation}},
	Volume = {15},
	Year = {2000}}

@incollection{streiter2000learning,
	Address = {Chester, UK},
	Author = {Streiter, O. and Iomdin, L.L. and Hong, M. and Hauck, U.},
	Booktitle = {Pro\-cee\-dings of 8th International Con\-fe\-rence on Theoretical and Methodological Issues in Machine Translation (TMI 1999)},
	Fullauthor = {Streiter, Oliver, L. L. Iomdin, Munpyo Hong \& Ute Hauck},
	Month = {August},
	Title = {{Learning, forgetting and remembering: Statistical support for rule-based MT}},
	Year = {2000}}

@conference{atwell1994amalgam,
	Address = {Las Cruces, New Mexico, USA},
	Author = {Atwell, E. and Hughes, J. and Souter, C.},
	Booktitle = {Pro\-cee\-dings of the Workshop on The Balancing Act: Combining Symbolic and Statistical Approaches to Language, help in conjunction with the 32nd Annual Meeting of the ACL},
	Fullauthor = {Atwell, Eric and John Hughes and Clive Souter},
	Month = {July},
	Pages = {21--28},
	Title = {{AMALGAM: Automatic Mapping Among Lexico-Grammatical Annotation Mo\-dels}},
	Year = {1994}}

@incollection{kotsyba2008principles,
	Address = {Warsaw},
	Author = {Kotsyba, N. and Shypnivska, O. and Turska, M.},
	Booktitle = {Intelligent Information Systems},
	Editor = {K{\l}opotek, M. A., Przepi{\'o}rkowski, A., Wierzcho\'n, S. T., and Trojanowski, K.},
	Pages = {475--484},
	Publisher = {Akademicka Oficyna Wydawnicza EXIT},
	Title = {{Principles of organising a common morphological tagset for PolUKR (Polish-Ukrainian pa\-ral\-lel Corpus)}},
	Year = {2008}}

@incollection{dimitrovaa-comparing,
	Address = {Kyiv},
	Author = {Dimitrova, L. and Garab{\'\i}k, R. and Majchr{\'a}kov{\'a}, D.},
	Booktitle = {Organization and Development of Digital Lexical Resources},
	Pages = {38--46},
	Publisher = {Dovira Publishing House},
	Title = {{Comparing Bulgarian and Slovak Multext-East morphology tagset}},
	Year = {2009}}

@misc{rosen-morphological,
	Author = {Rosen, A.},
	Howpublished = {unpublished ms.},
	Title = {{Morphological Tags in pa\-ral\-lel Corpora}},
	Url = {http://utkl.ff.cuni.cz/~rosen/public/unitags_pap.pdf},
	Year = {2010},
	Bdsk-Url-1 = {http://utkl.ff.cuni.cz/~rosen/public/unitags_pap.pdf}}

@conference{zeman2008reusable,
	Address = {Marrakech, Morocco},
	Annote = {wenn das hier zitiert wird, dann immer auch auf teufel95 hinweisen, denn das ist {\"a}tzend unoriginell},
	Author = {Zeman, D.},
	Booktitle = {Pro\-cee\-dings of the 6th International Con\-fe\-rence on Language Resources and Eva\-lu\-ation (LREC 2008)},
	Month = {May},
	Mypages = {2--9517408},
	Title = {{Reusable Tagset Conversion Using Tagset Drivers}},
	Year = {2008}}

@conference{teufel1995,
	Author = {Teufel, S.},
	Booktitle = {Proc. of of the Workshop SIGDAT (EACL95)},
	Title = {{A support tool for tagset mapping}},
	Year = {1995}}

@inproceedings{baskaran-etal08-indiantagset,
	Address = {Hyderabad, India},
	Author = {Baskaran, S. and Bali,K. and Bhattachrya, T. and Bhattachrya, P. and Jha, G. N. and Rajendran, S. and Saravanan, K. and Sobha, L. and Subbarao, K. V.},
	Booktitle = {6th Workshop on Asian Language Resources},
	Pages = {89-92},
	Title = {Designing a Common POS-Tagset Framework for Indian Languages},
	Year = {2008}}

@conference{calzolari2002broadening,
	Address = {Taipei, Taiwan},
	Author = {Calzolari, N. and della Ricerca, A. and Moruzzi, V. and Lenci, A. and Maria, V.S. and Bertagna, F. and Zampolli, A.},
	Booktitle = {Pro\-cee\-dings of the 3rd Workshop on Asian Language Resources and International Standardization},
	Pages = {9--16},
	Title = {{Broadening the scope of the EAGLES/ISLE lexical standardization initiative}},
	Year = {2002}}

@inproceedings{zampolli97,
	Address = {Kaunas, Lithuania},
	Author = {Zampolli, A.},
	Booktitle = {The General Context of the European Actions for Language Resources, Pro\-cee\-dings of the Second European Seminar: Language Applications for Multilingual Europe},
	Editor = {R. Marcinkeviciene, N. Volz},
	Pages = {185-210},
	Publisher = {TELRI},
	Title = {{The PAROLE Project in R}},
	Year = {1997}}

@conference{khoja2001tagset,
	Address = {Lancaster},
	Author = {Khoja, S. and Garside, R. and Knowles, G.},
	Booktitle = {Corpus Linguistics 2001 conference},
	Title = {{A tagset for the morphosyntactic tagging of Arabic}},
	Year = {2001}}

@phdthesis{kawata-tagsets,
	Address = {Colchester, UK},
	Author = {Kawata, Y.},
	Institution = {University of Essex},
	Title = {{Tagsets for morphosyntactic corpus annotation: The idea of a `reference tagset' for Japanese}},
	Year = {2005}}

@conference{ide2004registry,
	Address = {Lisboa, Portugal},
	Author = {Ide, N. and Romary, L.},
	Booktitle = {Pro\-cee\-dings of the Fourth Language Resources and Eva\-lu\-ation Con\-fe\-rence (LREC 2004)},
	Month = {May},
	Pages = {135--39},
	Title = {{A registry of standard data categories for linguistic annotation}},
	Year = {2004}}

@conference{kemps2008isocat,
	Address = {Marrakech, Morocco},
	Author = {Kemps-Snijders, Marc and Windhouwer, Menzo and Wittenburg, Peter and Wright, Sue Ellen},
	Booktitle = {Pro\-cee\-dings of the International Con\-fe\-rence on Language Resources and Eva\-lu\-ation (LREC 2008)},
	Month = {May},
	Title = {{ISOcat: Corralling data categories in the wild}},
	Year = {2008}}

@inproceedings{sloetjes2008annotation,
	Address = {Marrakech, Morocco},
	Author = {Sloetjes, H. and Wittenburg, P.},
	Booktitle = {Pro\-cee\-dings of the International Con\-fe\-rence on Language Resources and Eva\-lu\-ation (LREC 2008)},
	Month = {May},
	Title = {{Annotation by category: Elan and ISO DCR}},
	Year = {2008}}

@inproceedings{dechalendar-nouvel:2009:SETQA-NLP,
	Address = {Boulder, Colorado},
	Author = {de Chalendar, G. and Nouvel, D.},
	Booktitle = {Pro\-cee\-dings of the Workshop on Software Engineering, Testing, and Quality Assurance for Natural Language Processing (SETQA-NLP 2009)},
	Fullauthor = {de Chalendar, Ga\"{e}l and Nouvel, Damien},
	Month = {June},
	Mypublisher = {Association for Computational Linguistics},
	Myurl = {http://www.aclweb.org/anthology/W09-1511},
	Pages = {65--73},
	Title = {Modular resource development and diagnostic evaluation framework for fast {NLP} system improvement},
	Year = {2009}}

@techreport{bakker1993eurotyp,
	Author = {Bakker, D. and Dahl, O. and Haspelmath, M. and Koptjevskaja-Tamm, M. and Lehmann, C. and Siewierska, A.},
	Fullauthor = {Dik Bakker,Osten Dahl, Martin Haspelmath, Maria Koptjevskaja-Tamm, Christian Lehmann, and Anna Siewierska},
	Institution = {European Science Foundation Programme in Language Typology},
	Title = {{EURO\-TYP guidelines}},
	Year = {1993}}

@conference{farrar-langendoen03,
	Author = {Farrar, Scott and Langendoen, D. Terence},
	Booktitle = {EMELD Workshop on Di\-gi\-ti\-zing and Annotating Text and Field Recordings},
	Month = {July},
	Myurl = {http://emeld.org/workshop/2003/proceeding03.html#papers},
	Publisher = {Michigan State University},
	Title = {{Markup and the GOLD ontology}},
	Year = {2003}}

@misc{bickel-nichols07-autotyp-principles,
	Author = {Bickel, B. and Nichols, J.},
	Fullauthor = {Balthasar Bickel and Johanna Nichols},
	Howpublished = {{\small\texttt{http://www.uni-leipzig.de/$\sim$autotyp/} \texttt{theory.html}}},
	Note = {version of 01/12/2007},
	Title = {The goals and principles of {AUTOTYP}},
	Year = {2000}}

@inproceedings{wilcock:2007:PosterDemo,
	Address = {Prague, Czech Republic},
	Author = {Wilcock, Graham},
	Booktitle = {Pro\-cee\-dings of the 45th Annual Meeting of the Association for Computational Linguistics},
	Month = {June},
	Pages = {169--172},
	Title = {{An OWL ontology for HPSG}},
	Year = {2007}}

@conference{goecke2005gold,
	Address = {Cambridge, Massachusetts},
	Author = {Goecke, D. and L{{\"u}}ngen, H. and Sasaki, F. and Witt, A. and Farrar, S.},
	Booktitle = {Pro\-cee\-dings of the E-MELD Workshop on Morphosyntactic Annotation and Terminology: Linguistic Ontologies and Data Categories for Language Resources},
	Month = {July},
	Title = {{GOLD and discourse: Domain-and community-specific extensions}},
	Year = {2005}}

@article{cysouw2005can,
	Address = {Cambridge, Massachusetts},
	Author = {Cysouw, M. and Good, J. and Albu, M. and Bibiko, H.J.},
	Journal = {Pro\-cee\-dings of the E-MELD Workshop on Morphosyntactic Annotation and Terminology: Linguistic Ontologies and Data Categories for Language Resources},
	Month = {July},
	Title = {{Can GOLD ``cope'' with WALS? Retrofitting an ontology onto the World Atlas of Language Structures}},
	Year = {2005}}

@book{haspelmath2005world,
	Author = {Haspelmath, M. and Dryer, M.S. and Bibiko, H.J. and Gil, D. and Comrie, B. and Hagen, J. and Schmidt, C.},
	Publisher = {Oxford University Press, USA},
	Title = {{The World Atlas of Language Structures}},
	Year = {2005}}

@conference{cimiano2003ontology,
	Address = {Nancy, France},
	Author = {Cimiano, P. and Reyle, U.},
	Booktitle = {Pro\-cee\-dings of the Lorraine/Saarland Workshop on Prospects and Recent Advances in the Syntax-Semantics Interface},
	Month = {October},
	Pages = {33--38},
	Title = {{Ontology-based semantic construction, underspecification and disambiguation}},
	Year = {2003}}

@conference{coppola2009frame,
	Address = {Heraklion, Crete},
	Author = {Coppola, B. and Gangemi, A. and Gliozzo, A. and Picca, D. and Presutti, V.},
	Booktitle = {Pro\-cee\-dings of the 6th European Semantic Web Con\-fe\-rence on The Semantic Web: Research and Applications (ESCW 2009)},
	Month = {May 31-June 04},
	Title = {{Frame Detection over the Semantic Web}},
	Year = {2009}}

@inproceedings{gangemi2003ontowordnet,
	Address = {Catania, Italy},
	Author = {Gangemi, A. and Navigli, R. and Velardi, P.},
	Booktitle = {Pro\-cee\-dings of On the Move to Meaningful Internet Systems (OTM2003)},
	Editor = {R. Meersman and Z. Tari},
	Month = {November},
	Pages = {820--838},
	Title = {{The OntoWordNet project: Extension and axiomatization of conceptual relations in {W}ord{N}et}},
	Year = {2003}}

@conference{wright2004global,
	Address = {Lisboa, Portugal},
	Author = {Wright, S.E.},
	Booktitle = {Pro\-cee\-dings of the Fourth Language Resources and Eva\-lu\-ation Con\-fe\-rence (LREC 2004)},
	Month = {May},
	Pages = {123--126},
	Title = {{A global data category registry for interoperable language resources}},
	Year = {2004}}

@conference{schmidt2006avoiding,
	Address = {East Lansing},
	Author = {Schmidt, Thomas and Chiarcos, Christian and Lehmberg, Timm and Rehm, Georg and Witt, Andreas and Hinrichs, Erhard},
	Booktitle = {Pro\-cee\-dings of the E-MELD workshop on Digital Language Documentation},
	title = {{Avoiding data graveyards: From heterogeneous data collected in multiple research projects to sustainable linguistic resources}},
	Nomonth = {June},
	Year = {2006}}

@article{chiarcos2007ontology,
	Author = {Chiarcos, C.},
	Journal = {Proc. of DIALOG},
	Publisher = {Citeseer},
	Title = {{An ontology of linguistic annotation: Word classes and morphology}},
	Volume = {2007},
	Year = {2007}}

@article{rehm2009sustainability,
	Author = {Rehm, G. and Schonefeld, O. and Witt, A. and Hinrichs, E. and Reis, M.},
	Journal = {Literary and Linguistic Computing},
	Publisher = {ALLC},
	Title = {{Sustainability of annotated resources in linguistics: A web-platform for exploring, querying, and distributing linguistic corpora and other resources}},
	Year = {2009}}

@conference{kermes2003text,
	Author = {Kermes, H. and Evert, S.},
	Booktitle = {Pro\-cee\-dings of Corpus Linguistics 2003},
	Organization = {Citeseer},
	Title = {{Text a\-na\-ly\-sis meets corpus linguistics}},
	Year = {2003}}

@conference{kermes2002yac,
	Address = {Las Palmas, Spain},
	Author = {Kermes, H. and Evert, S.},
	Booktitle = {Pro\-cee\-dings of the Third International Con\-fe\-rence on Language Resources and Eva\-lu\-ation (LREC 2002)},
	Month = {May},
	Pages = {1805--1812},
	Title = {{YAC -- A recursive chunker for unrestricted German text}},
	Year = {2002}}

@inproceedings{connexor97,
	Address = {Washington, DC},
	Author = {Tapanainen, P. and J{\"a}rvinen, T.},
	Booktitle = {Pro\-cee\-dings of the 5th Con\-fe\-rence on Applied Natural Language Processing},
	Fullauthor = {Pasi Tapanainen and Timo J{\"a}rvinen},
	Month = {April},
	Pages = {64-71},
	Title = {A nonprojective dependency parser},
	Year = {1997}}

@book{sampson1995english,
	Author = {Sampson, G.},
	Publisher = {Oxford University Press},
	Title = {{English for the computer: The SUSANNE corpus and analytic scheme}},
	Year = {1995}}

@inproceedings{mandel2006integrated,
	Address = {Manchester, UK},
	Author = {Mandel, M.},
	Booktitle = {Text Mining Ontologies and Natural Language Processing in Biomedicine},
	Month = {March},
	Title = {{Integrated annotation of bio\-me\-di\-cal text: Creating the PennBioIE corpus}},
	Year = {2006}}

@article{kim2003genia,
	Author = {Kim, J.D. and Ohta, T. and Tateisi, Y. and Tsujii, J.},
	Journal = {Bioinformatics},
	Mypublisher = {Oxford Univ Press},
	Number = {1},
	Pages = {180--182},
	Title = {{GENIA corpus -- {A} semantically annotated corpus for bio-textmining}},
	Volume = {19},
	Year = {2003}}

@techreport{schiller1999guidelines,
	Author = {Schiller, A. and Teufel, S. and Thielen, C. and St{\"o}ckert, C.},
	Institution = {University of Stuttgart, University of T{\"u}bingen},
	Title = {{Guidelines f{\"u}r das Tagging deutscher Textcorpora mit STTS}},
	Year = {1999}}

@conference{brants2002developments,
	Address = {Las Palmas, Spain},
	Author = {Brants, S. and Hansen, S.},
	Booktitle = {Pro\-cee\-dings of the Third International Con\-fe\-rence on Language Resources and Eva\-lu\-ation (LREC 2002)},
	Month = {May},
	Pages = {1643--1649},
	Title = {{Developments in the TIGER annotation scheme and their realization in the corpus}},
	Year = {2002}}

@conference{zielinski2008morphisto,
	Address = {Ispra, Italy},
	Author = {Zielinski, A. and Simon, C.},
	Booktitle = {Pro\-cee\-dings of the Con\-fe\-rence on Finite State Methods in Natural Language Processing (FSMNLP)},
	Month = {September},
	Title = {{Morphisto: An open-source morphological analyzer for German}},
	Year = {2008}}

@inproceedings{schmid-laws08,
	Address = {Manchester, UK},
	Author = {Schmid, H. and Laws, F.},
	Booktitle = {Pro\-cee\-dings of the 22nd International Con\-fe\-rence on Computational Linguistics (COLING 2008)},
	Fullauthor = {Helmut Schmid and Florian Laws},
	Month = {August},
	Title = {Estimation of Conditional Probabilities with Decision Trees and an Application to Fine-Grained POS Tagging},
	Year = {2008}}

@incollection{meyer03,
	Address = {M{\"u}nchen},
	Author = {Meyer, R.},
	Booktitle = {Linguistische Beitr{\"a}ge zur Slavistik aus Deutschland und {\"O}sterreich. X. JungslavistInnen-Treffen, Berlin 2001},
	Editor = {Hammel, R. and L. Geist},
	Fullauthor = {Roland Meyer},
	Pages = {92--105},
	Publisher = {Sagner},
	Title = {{Halbautomatische morphosyntaktische Annotation russischer Texte}},
	Year = {2003}}

@conference{sharoff2008designing,
	Address = {Marrakech, Morocco},
	Author = {Sharoff, S. and Kopotev, M. and Erjavec, T. and Feldman, A. and Divjak, D.},
	Booktitle = {Pro\-cee\-dings of the 6th International Con\-fe\-rence on Language Resources and Eva\-lu\-ation (LREC 2008)},
	Month = {May},
	Title = {{Designing and evaluating Russian tagsets}},
	Year = {2008}}

@book{isis07,
	Address = {Potsdam, Germany},
	Editor = {Dipper, S. and G{\"o}tze, M. and Skopeteas, S.},
	Fulleditor = {Dipper, Stefanie and G{\"o}tze, Michael and Skopeteas, Stavros},
	Nopublisher = {Universit\"atsverlag Potsdam},
	Series = {Interdisciplinary Studies on Information Structure (ISIS), Working Papers of the SFB 632; 7},
	Title = {Information Structure in Cross-Linguistic Corpora: {Annotation} Guidelines for Phonology, Mor\-pho\-lo\-gy, Syntax, Semantics, and Information Structure},
	Year = {2007}}

@article{petrova-etal09,
	Author = {Petrova, S. and Chiarcos, C. and Ritz, J. and Solf, M. and Zeldes, A.},
	Fullauthor = {Petrova, Svetlana and Chiarcos, Christian and Ritz, Julia and Solf, Michael and Zeldes, Amir},
	Journal = {Traitement automatique des langues et langues anciennes},
	Number = {2},
	Pages = {47-71},
	Title = {Building and u\-sing a richly annotated interlinear diachronic corpus: {The case of Old High German Tatian}},
	Volume = {50},
	Year = {2009}}

@inproceedings{wagner-zeisler04,
	Address = {Lisboa, Portugal},
	Author = {Wagner, A. and Zeisler, B.},
	Booktitle = {Fourth International Con\-fe\-rence on Language Resources and Eva\-lu\-ation (LREC 2004)},
	Fullauthor = {Wagner, Andreas and Zeisler, Bettina},
	Month = {May},
	Title = {A syntactically annotated corpus of {Tibetan}},
	Year = {2004}}

@conference{brants2002tiger,
	Address = {Sozopol, Bulgaria},
	Author = {Brants, S. and Dipper, S. and Hansen, S. and Lezius, W. and Smith, G.},
	Booktitle = {Pro\-cee\-dings of the Workshop on Treebanks and Linguistic Theories},
	Month = {September},
	Pages = {24--41},
	Title = {{The TIGER treebank}},
	Year = {2002}}

@conference{stede2004potsdam,
	Address = {Barcelona, Spain},
	Author = {Stede, M.},
	Booktitle = {Pro\-cee\-dings of the 2004 ACL Workshop on Discourse Annotation},
	Month = {July},
	Pages = {96--102},
	Title = {{The Potsdam Commentary Corpus}},
	Year = {2004}}

@conference{schmid1994probabilistic,
	Address = {Manchester, UK},
	Author = {Schmid, H.},
	Booktitle = {Pro\-cee\-dings of International Con\-fe\-rence on New Methods in Language Processing},
	Month = {September},
	Pages = {44-49},
	Title = {{Probabilistic part-of-speech tagging u\-sing decision trees}},
	Year = {1994}}

@conference{toutanova2003feature,
	Address = {Edmonton, Canada},
	Author = {Toutanova, K. and Klein, D. and Manning, C.D. and Singer, Y.},
	Booktitle = {Pro\-cee\-dings of the 2003 Con\-fe\-rence of the North American Chapter of the Association for Computational Linguistics on Human Language Technology (HLT-NAACL 2003)},
	Month = {May},
	Myorganization = {Association for Computational Linguistics},
	Title = {{Feature-rich part-of-speech tagging with a cyclic dependency network}},
	Year = {2003}}

@inproceedings{klein2003accurate,
	Address = {Sapporo, Japan},
	Author = {Klein, D. and Manning, C.D.},
	Booktitle = {Pro\-cee\-dings of the 41st Annual Meeting of the Association for Computational Linguistics},
	Fullauthor = {Dan Klein and Christopher D. Manning},
	Month = {July},
	Pages = {423--430},
	Title = {Accurate Unlexicalized Parsing},
	Year = {2003}}

@conference{petrov2007improved,
	Address = {Rochester, NY},
	Author = {Petrov, S. and Klein, D.},
	Booktitle = {Pro\-cee\-dings of the Con\-fe\-rence of the North American Chapter of the Association for Computational Linguistics on Human Language Technology (HLT-NAACL 2007)},
	Month = {April},
	Pages = {404--411},
	Title = {{Improved inference for unlexicalized parsing}},
	Year = {2007}}

@inproceedings{chiarcos-ritz-stede:2009:LAW-III,
	Address = {Singapore},
	Booktitle = {Pro\-cee\-dings of the Third Linguistic Annotation Workshop (LAW-III), held in conjunction with ACL-IJCNLP 2009},
	Fullauthor = {Chiarcos, C. and Ritz, J. and Stede, M.},
	Month = {August},
	Pages = {35--43},
	Title = {By all these lovely tokens... {M}erging Conflicting Tokenizations},
	Year = {2009}}

@conference{aguado2002pareja,
	Address = {Lyon, France},
	Author = {Aguado de Cea, G. and de Mon-Rego, {\'A}. I. and Pareja-Lora, A. and Plaza-Arteche, R.},
	Booktitle = {Pro\-cee\-dings of the ECAI 2002 Workshop on Semantic Authoring, Annotation and Knowledge Markup},
	Month = {July},
	Title = {{OntoTag: A} Semantic Web Page Linguistic Annotation Model},
	Year = {2002}}

@conference{hellmann10,
	Address = {Heraklion, Greece},
	Author = {Hellmann, S.},
	Booktitle = {The 7th Extended Semantic Web Con\-fe\-rence (ESWC 2010)},
	Fullauthor = {Hellmann, Sebastian},
	Month = {May 30th -- June 3rd},
	Title = {The Semantic Gap of Formalized Meaning},
	Year = {2010}}

@article{sirin2007pellet,
	Author = {Sirin, E. and Parsia, B. and Grau, B.C. and Kalyanpur, A. and Katz, Y.},
	Journal = {Web Semantics: Science, Services and Agents on the World Wide Web},
	Number = {2},
	Pages = {51--53},
	Title = {{Pellet: A practical OWL/DL reasoner}},
	Volume = {5},
	Year = {2007}}

@inproceedings{buitelaar06,
	Address = {Genoa, Italy},
	Author = {Buitelaar, P. and Declerck, T. and Frank, A. and Racioppa, S. and Kiesel, M. and Sintek, M. and Engel, R. and Romanelli, M. and Sonntag, D. and Loos, B. and Micelli, V. and Porzel, R. and Cimiano, P.},
	Booktitle = {Proceedings of the 5th International Conference on Language Resources and Evaluation (LREC 2006)},
	Fullauthor = {Buitelaar, Paul and Declerck, Thierry and Frank, Anette and Racioppa, Stefania and Kiesel, Malte and Sintek, Michael and Engel, Ralf and Romanelli, Massimo and Sonntag, Daniel and Loos, Berenike and Micelli , Vanessa and Porzel , Robert and Cimiano, Philipp},
	Nomonth = {May},
	Title = {{LingInfo: Design and applications of a model for the integration of linguistic information in ontologies}},
	Year = {2006}}

@inproceedings{DAVIS08.911,
	Address = {Marrakech, Morocco},
	Author = {Davis, B. and Handschuh, S. and Troussov, A. and Judge, J. and Sogrin, M.},
	Booktitle = {Pro\-cee\-dings of the Sixth International Con\-fe\-rence on Language Resources and Eva\-lu\-ation (LREC 2008)},
	Fullauthor = {Davis, Brian and Handschuh, Siegfried and Troussov, Alexander and Judge, John and Sogrin, Mikhail},
	Month = {May},
	Title = {Linguistically Light Lexical Extensions for Ontologies},
	Year = {2008}}

@inproceedings{AGUADODECEA08.345,
	Address = {Marrakech, Morocco},
	Author = {Aguado de Cea, G. and Puch, J. and Ramos, J.{\'A}.},
	Booktitle = {Pro\-cee\-dings of the Sixth International Con\-fe\-rence on Language Resources and Eva\-lu\-ation (LREC 2008)},
	Fullauthor = {Aguado de Cea, Guadalupe and Puch, Javier and Ramos, Jos{\'e} {\'A}ngel},
	Month = {May},
	Title = {Tagging {Spanish} Texts: {The} Problem of ``SE''},
	Year = {2008}}

@article{halteren2001improving,
	Author = {Halteren, H. van and Zavrel, J. and Daelmans, W.},
	Journal = {Computational Linguistics},
	Mypublisher = {MIT Press},
	Number = {2},
	Pages = {199--229},
	Title = {{Improving accuracy in word class tagging through the combination of machine learning systems}},
	Volume = {27},
	Year = {2001}}

@conference{halteren-etal98,
	Address = {Montr{\'e}al, Canada},
	Author = {Halteren, H. van and Zavrel, J. and Daelmans, W.},
	Booktitle = {Pro\-cee\-dings of the 36th Annual Meeting of the Association for Computational Linguistics and the 17th International Con\-fe\-rence on Computational Linguistics (COLING-ACL 1998)},
	Month = {August},
	Title = {Improving Data Driven Wordclass Tagging by System Combination},
	Year = {1998}}

@inproceedings{brill1998classifier,
	Address = {Montr{\'e}al, Canada},
	Author = {Brill, E. and Wu, J.},
	Booktitle = {Pro\-cee\-dings of the 36th Annual Meeting of the Association for Computational Linguistics and the 17th International Con\-fe\-rence on Computational Linguistics (COLING-ACL 1998)},
	Month = {August},
	Myorganization = {ASSOCIATION FOR COMPUTATIONAL LINGUISTICS},
	Pages = {191--195},
	Title = {{Classifier combination for improved lexical disambiguation}},
	Year = {1998}}

@conference{zavrel-daelemans00bootstrapping,
	Address = {Athens, Greece},
	Author = {Zavrel, J. and Daelemans, W.},
	Booktitle = {Pro\-cee\-dings of the 2nd International Con\-fe\-rence on Language Resources and Eva\-lu\-ation (LREC 2000)},
	Fullauthor = {Jakub Zavrel and Walter Daelemans},
	Month = {May, 31st -- June, 2nd},
	Title = {Bootstrapping a Tagged Corpus through Combination of Existing Heterogeneous Taggers},
	Year = {2000}}

@conference{borin00,
	Address = {Athens, Greece},
	Author = {Borin, L.},
	Booktitle = {Pro\-cee\-dings of the 2nd International Con\-fe\-rence on Language Resources and Eva\-lu\-ation (LREC 2000)},
	Fullauthor = {Lars Borin},
	Month = {May, 31st -- June, 2nd},
	Title = {Something Borrowed, Something Blue: {Rule}-Based Combination of {POS} Taggers},
	Year = {2000}}

@conference{tufis2000using,
	Address = {Athens, Greece},
	Author = {Tufi{\c{s}}, D.},
	Booktitle = {Pro\-cee\-dings of the 2nd International Con\-fe\-rence on Language Resources and Eva\-lu\-ation (LREC 2000)},
	Month = {May, 31st -- June, 2nd},
	Pages = {1105--1112},
	Title = {{Using a large set of EAGLES-compliant morpho-syntactic descriptors as a tagset for probabilistic tagging}},
	Year = {2000}}

@conference{chiarcos-etal2010law,
	Address = {Uppsala, Sweden},
	Author = {Chiarcos, C. and Eckart, K. and Ritz, J.},
	Booktitle = {4th Linguistic Annotation Workshop (LAW 2010), held in conjunction with ACL-2010},
	Month = {July},
	Title = {Creating and Exploiting a Resource of pa\-ral\-lel Parses},
	Year = {2010}}

@article{cunningham2002gate,
	Author = {Cunningham, H.},
	Journal = {Computers and the Humanities},
	Number = {2},
	Pages = {223--254},
	Publisher = {Springer},
	Title = {GATE, a general architecture for text engineering},
	Volume = {36},
	Year = {2002}}

@conference{windhouwer-wright2012,
	Address = {Frankfurt/M., Germany},
	Author = {Windhouwer, M. and Wright, S. E.},
	Booktitle = {Linked Data in Linguistics (LDL 2012)},
	Fullauthor = {Menzo Windhouwer and Wright, Sue Ellen},
	Month = {Mar},
	Title = {Linking to linguistic data categories in {ISOcat}},
	Year = {accepted}}

@inproceedings{chiarcos:2010:ACL,
	Address = {Uppsala, Sweden},
	Author = {Chiarcos, C.},
	Booktitle = {ACL 2010},
	Fullauthor = {Chiarcos, Christian},
	Fullbooktitle = {Proc. 48th Annual Meeting of the Association for Computational Linguistics},
	Month = {July},
	Nopublisher = {Association for Computational Linguistics},
	Nourl = {http://www.aclweb.org/anthology/P10-1068},
	Pages = {659--670},
	Shortaddress = {Uppsala},
	Title = {Towards Robust Multi-Tool Tagging. {An} {OWL/DL}-Based Approach},
	Year = {2010}}

@article{verspoor2009abstracting,
	Author = {Verspoor, K. and Baumgartner, W. and Roeder, C. and Hunter, L.},
	Journal = {From Form to Meaning: Processing Texts Automatically. C. Chiarcos, Eckhart de Castilho, Stede, M},
	Pages = {249--256},
	Title = {Abstracting the types away from a UIMA type system},
	Year = {2009}}

@conference{quastoff_2010,
	Author = {Matthias Quasthoff and Sebastian Hellmann and Konrad H\"offner},
	Booktitle = {3rd prize at the LOD Triplification Challenge, Graz, 2009},
	Keywords = {2009 hellmann group_aksw mole sys:relevantFor:bis sys:relevantFor:infai hoeffner event_TriplificationChallenge},
	Owner = {sebastian},
	Timestamp = {2010.12.11},
	Title = {Standardized Multilingual Language Resources for the Web of Data: http://corpora.uni-leipzig.de/rdf},
	Url = {http://triplify.org/files/challenge_2009/languageresources.pdf},
	Year = {2009},
	Bdsk-Url-1 = {http://triplify.org/files/challenge_2009/languageresources.pdf}}

@inproceedings{hellmann_etal2010_tigercorpusnavigator,
	Address = {Tartu, Estonia},
	Author = {Sebastian Hellmann and J\"org Unbehauen and Christian Chiarcos and Axel-Cyrille {Ngonga Ngomo}},
	Booktitle = {9th International Workshop on Treebanks and Linguistic Theories (TLT-9)},
	Noaddress = {Tartu},
	Nopublisher = {Northern European Association for Language Technology (NEALT)},
	Noseries = {NEALT Proc. Series, Vol. 9},
	Pages = {91-102},
	Title = {{The TIGER Corpus Navigator}},
	Year = {2010}}

@article{mccrae2011linking,
	Author = {McCrae, J. and Spohr, D. and Cimiano, P.},
	Journal = {The {Semantic Web}: {Research} and Applications},
	Pages = {245--259},
	Publisher = {Springer},
	Title = {Linking Lexical Resources and Ontologies on the Semantic Web with {Lemon}},
	Year = {2011}}

@inproceedings{pareja-lora:ontology-based,
	Address = {Valetta, Malta},
	Author = {Pareja-Lora, A. and Aguado de Cea, G.},
	Booktitle = {Proc. LREC 2010},
	Fullauthor = {Antonio Pareja-Lora and Guadalupe Aguado de Cea},
	Title = {Ontology-based Interoperation of Linguistic Tools for an Improved Lemma Annotation in {Spanish}},
	Year = {2010}}

@techreport{Koenig_LeziusReport2003,
	Author = {E. K?nig and W. Lezius},
	Institution = {IMS},
	Keywords = {Treebank,German,TIGER,Search},
	Pdf = {http://www.ims.uni-stuttgart.de/projekte/corplex/paper/lezius/tigerLangForm.pdf},
	Postscript = {http://www.ims.uni-stuttgart.de/projekte/corplex/paper/lezius/tigerLangForm.ps.gz},
	Title = {The {TIGER} language - A Description Language for Syntax Graphs, {F}ormal Definition.},
	Year = {2003}}

@techreport{pito1994tgrep,
	Author = {Pito, R.},
	Organization = {Linguistic Data Consortium},
	Title = {{Tgrep Manual Page}},
	Year = {1994}}

@inproceedings{lezius02,
	Address = {Saarbr?cken},
	Author = {Wolfgang Lezius},
	Booktitle = {Proc. KONVENS 2002},
	Title = {{TIGERSearch. Ein Suchwerkzeug f?r Baumbanken}},
	Year = {2002}}

@webpage{OpenLinkSoftware2009,
	Author = {{OpenLink Software}},
	Interhash = {83256a137e2108d322eaad7a5f1144e8},
	Intrahash = {17fc62be0799d156799cb35fff0ae641},
	Lastchecked = {28.08.2009},
	Owner = {zazi},
	Timestamp = {2009.08.28},
	Title = {{Virtuoso Open-Source Edition}},
	Url = {http://virtuoso.openlinksw.com/dataspace/dav/wiki/Main/},
	Year = {2009},
	Bdsk-Url-1 = {http://virtuoso.openlinksw.com/dataspace/dav/wiki/Main/}}

@inproceedings{alc_learning_algorithm,
	Author = {J. Lehmann and P. Hitzler},
	Booktitle = {ILP 2007},
	Title = {A Refinement Operator Based Learning Algorithm for the {ALC} Description Logic},
	Year = {2007}}

@article{dllearner_jmlr,
	Author = {J. Lehmann},
	Biburl = {http://www.bibsonomy.org/bibtex/2d863a06ce17d41d0e6695f0edac74f5f/jens},
	Description = {publications Jens Lehmann},
	Journal = {Journal of Machine Learning Research},
	Keywords = {2009 aksw dllearner imported mole sys:relevantFor:infai},
	Title = {{DL-Learner:} Learning Concepts in Description Logics},
	Year = 2009}

@book{schoenthal75,
	Address = {M?nchen},
	Author = {Schoenthal, G.},
	Fullauthor = {Schoenthal, Gisela},
	Fulltitle = {{Das Passiv in der deutschen Standardsprache. Darstellung in der neueren Grammatiktheorie und Verwendung in gesprochener Sprache}},
	Publisher = {Hueber},
	Title = {{Das Passiv in der deutschen Standardsprache}},
	Year = {1975}}

@techreport{pito1994tgrep,
	Author = {Pito, R.},
	Organization = {Linguistic Data Consortium},
	Title = {{Tgrep Manual Page}},
	Year = {1994}}

@inproceedings{lezius02,
	Address = {Saarbr?cken},
	Author = {Wolfgang Lezius},
	Booktitle = {KONVENS},
	Title = {{TIGERSearch. Ein Suchwerkzeug f?r Baumbanken}},
	Year = {2002}}

@article{cunningham2002gate,
	Author = {Cunningham, H.},
	Journal = {Computers and the Humanities},
	Number = {2},
	Pages = {223--254},
	Publisher = {Springer},
	Title = {{GATE, a general architecture for text engineering}},
	Volume = {36},
	Year = {2002}}

@inproceedings{evert-kermes03,
	Address = {Lancaster, UK},
	Author = {Evert, S. and H. Kermes},
	Editor = {K. Simov and P. Osenova},
	Pages = {23-33},
	Title = {SProLaC},
	Year = {2003}}

@inproceedings{AGUADODECEA08.345,
	Address = {Marrakech, Morocco},
	Author = {Aguado de Cea, G. and Puch, J. and Ramos, J.?.},
	Booktitle = {LREC 2008},
	Fullauthor = {Aguado de Cea, G. and Puch, J. and Ramos, J. ?.},
	Month = {May},
	Title = {Tagging {Spanish} Texts: {The} Problem of ``SE''},
	Year = {2008}}

@inproceedings{gomez-perez-etal03,
	Address = {Washington, DC, USA},
	Author = {G. Aguado~de~Cea and A. G\' {o}mez-P\' {e}rez and I. \' {A}lvarez~de~Mon and A. Pareja-Lora},
	Booktitle = {ITCC 2004, Volume 2},
	Isbn = {0-7695-2108-8},
	Pages = {124--128},
	Publisher = {IEEE Computer Society},
	Title = {OntoTag's Linguistic Ontologies: Improving Semantic Web Annotations for a Better Language Understanding in Machines},
	Year = {2004}}

@inproceedings{gangemi2003ontowordnet,
	Address = {Catania, Italy},
	Author = {Gangemi, A. and Navigli, R. and Velardi, P.},
	Booktitle = {Proc. On the Move to Meaningful Internet Systems (OTM2003)},
	Editor = {R. Meersman and Z. Tari},
	Pages = {820--838},
	Title = {{The OntoWordNet project: Extension and axiomatization of conceptual relations in {W}ord{N}et}},
	Year = {2003}}

@inproceedings{DAVIS08.911,
	Address = {Marrakech, Morocco},
	Author = {Davis, B. and Handschuh, S. and Troussov, A. and Judge, J. and Sogrin, M.},
	Booktitle = {LREC 2008},
	Fullauthor = {Davis, Brian and Handschuh, Siegfried and Troussov, Alexander and Judge, John and Sogrin, Mikhail},
	Month = {May},
	Title = {Linguistically Light Lexical Extensions for Ontologies},
	Year = {2008}}

@inproceedings{ide03,
	Address = {Edmonton, Canada},
	Author = {N. Ide and L. Romary and E. de~la~Clergerie},
	Booktitle = {HLT-NAACL 2003},
	Pages = {25--30},
	Title = {International {S}tandard for a {L}inguistic {A}nnotation {F}ramework},
	Year = 2003}

@inproceedings{c33:paula,
	Author = {S. Dipper},
	Booktitle = {Proc. Berliner XML Tage},
	Editor = {Rainer Eckstein and Robert Tolksdorf},
	Pages = {39-50},
	Standort = {Archiv},
	Title = {X {M} {L}-based Stand-off Representation and Exploitation of Multi-Level Linguistic Annotation},
	Year = {2005}}

@article{goetz-suhre04,
	Author = {Goetz, T. and Suhre, O.},
	Journal = {IBM Systems Journal},
	Number = {3},
	Pages = {476--489},
	Title = {{Design and implementation of the UIMA Common Analysis System}},
	Volume = {43},
	Year = {2004}}

@inproceedings{Marek08,
	Address = {Berlin},
	Author = {T. Marek and J. Lundborg and M. Volk},
	Booktitle = {Proceeding of {KONVENS-2008}},
	Fullauthor = {Torsten Marek and Joakim Lundborg and Martin Volk},
	Month = {October},
	Pages = {3-14},
	Title = {Extending the {TIGER} Query Language with Universal Quantification},
	Year = 2008}

@techreport{rohde05,
	Address = {Cambridge, MA},
	Author = {Rohde, D.},
	Fullauthor = {Rohde, Douglas L. T.},
	Fullinstitution = {Department of Brain and Cognitive Science, Massachusetts Institute of Technology},
	Institution = {MIT},
	Month = {May},
	Title = {{TGrep2 user manual, version 1.15}},
	Url = {http://tedlab.mit.edu/~dr/Tgrep2},
	Year = {2005},
	Bdsk-Url-1 = {http://tedlab.mit.edu/~dr/Tgrep2}}

@incollection{mueller2006multi,
	Address = {Frankfurt am Main},
	Author = {M?ller, C. and Strube, M.},
	Booktitle = {Corpus Technology and Language Pedagogy},
	Fullbooktitle = {Corpus Technology and Language Pedagogy: New Resources, New Tools, New Methods},
	Pages = {197--214},
	Publisher = {Peter Lang},
	Title = {{Multi-level annotation of linguistic data with MMAX2}},
	Year = {2006}}

@inproceedings{pajas-etal09,
	Address = {Suntec, Singapore},
	Author = {Pajas, P. and \v{S}tep?nek, J.},
	Booktitle = {ACL-IJCNLP 2009},
	Fullauthor = {Pajas, Petr and \v{S}tep?nek, Jan},
	Month = {August},
	Pages = {33-36},
	Title = {System for Querying Syntactically Annotated Corpora},
	Year = {2009}}

@conference{zeldes2009annis,
	Address = {Liverpool, UK},
	Author = {Zeldes, A. and Ritz, J. and L\"udeling, A. and Chiarcos, C.},
	Booktitle = {Proc. Corpus Linguistics},
	Month = {July},
	Pages = {20--23},
	Title = {{ANNIS: A search tool for multi-layer annotated corpora}},
	Year = {2009}}

@inproceedings{resnik-etal05,
	Author = {Resnik, P. and Elkiss, A. and Lau, E. and Taylor, H.},
	Booktitle = {31st Meeting of the Berkeley Linguistics Society},
	Fullauthor = {Resnik, Philip and Elkiss, Aaron and Lau, Ellen and Taylor, Heather},
	Month = {February},
	Pages = {265-276},
	Title = {The Web in Theoretical Linguistics Research: {Two} Case Studies Using the {Linguist's Search Engine}},
	Year = {2005}}

@inproceedings{christ94,
	Author = {Christ, O.},
	Booktitle = {Papers in Computational Lexicography (COMPLEX '94)},
	Pages = {22--32},
	Title = {A modular and flexible architecture for an integrated corpus query system},
	Year = {1994}}

@inproceedings{ghodke-bird:2010:NAACLHLT,
	Address = {Los Angeles, California},
	Author = {Ghodke, S. and Bird, S.},
	Booktitle = {NAACL-HLT 2010},
	Fullauthor = {Ghodke, Sumukh and Bird, Steven},
	Fullbooktitle = {Human Language Technologies: The 2010 Annual Conference of the North American Chapter of the Association for Computational Linguistics},
	Month = {June},
	Mypublisher = {Association for Computational Linguistics},
	Myurl = {http://www.aclweb.org/anthology/N10-1034},
	Pages = {267--275},
	Title = {Fast Query for Large Treebanks},
	Year = {2010}}

@article{diewald-etal08,
	Author = {Diewald, N. and St?hrenberg, M. and Garbar, A. and Goecke, D.},
	Journal = {Journal for Language Technology and Computational Linguistics},
	Number = {24},
	Pages = {74-93},
	Title = {{Serengeti - Webbasierte Annotation semantischer Relationen}},
	Volume = {2},
	Year = {2008}}

@misc{bizer-3.7-ann,
	Author = {Christian Bizer},
	Howpublished = {\url{http://blog.dbpedia.org/2011/09/11/dbpedia-37-released-including-15-}\texttt{localized-editions}},
	Title = {DBpedia 3.7 released, including 15 localized Editions},
	Year = {2011}}

@inproceedings{ide2009bridging,
	Address = {Prague},
	Author = {Ide, N. and Suderman, K.},
	Booktitle = {Proc. Third Linguistic Annotation Workshop (LAW 2009)},
	Pages = {27--34},
	Title = {Bridging the gaps: {Interoperability for GrAF, GATE, and UIMA}},
	Year = {2009}}

@article{PennTreebank93,
	Author = {Mitchell Marcus and Beatrice Santorini and Mary Ann Marcinkiewicz},
	Journal = {Computational Linguistics},
	Number = {2},
	Pages = {313--330},
	Title = {Building a large annotated corpus of {E}nglish: the {P}enn {T}reebank},
	Volume = 19,
	Year = 1993}

@inproceedings{georgiadis07,
	Address = {New York, NY, USA},
	Author = {Haris Georgiadis and Vasilis Vassalos},
	Booktitle = {SIGMOD '07: Proc. 2007 ACM SIGMOD international conference on Management of data},
	Isbn = {978-1-59593-686-8},
	Location = {Beijing, China},
	Pages = {317--328},
	Publisher = {ACM},
	Title = {{XPath} on steroids: exploiting relational engines for xpath performance},
	Year = {2007}}

@inproceedings{tomanek07,
	Author = {Katrin Tomanek and Joachim Wermter and Udo Hahn},
	Booktitle = {Proc. Linguistic Annotation Workshop (LAW)},
	Location = {Prague},
	Pages = {317--328},
	Title = {Efficient Annotation with the Jena ANnotation Environment (JANE)},
	Year = {2007}}

@inproceedings{faulstich06,
	Address = {M\"unchen, Germany},
	Author = {Lukas Faulstich and Ulf Leser and Thorsten Vitt},
	Booktitle = {Proc. International Workshop on Query Languages and Query Processing},
	Title = {Implementing a Linguistic Query Language for Historic Texts},
	Year = {2006}}

@inproceedings{dipper07,
	Address = {T{\"u}bingen, Germany},
	Author = {Stefanie Dipper AND Michael G{\"o}tze AND Uwe K{\"u}ssner AND Manfred Stede},
	Booktitle = {Proc. GLDV-Fr{\"u}hjahrstagung},
	Title = {Representing and Querying Standoff XML},
	Year = {2007}}

@article{barnard95,
	Author = {David Barnard and Lou Burnard and Jean-Pierre Gaspart and Lynne A. Price and C. M. Sperberg-McQueen and Giovanni Batista Varile},
	Journal = {Text Encoding Initiative: Background and Context. Special Issue of Computers and the Humanities},
	Number = {211--231},
	Title = {Hierarchical Encoding of Text: Technical Problems and {SGML} Solutions},
	Volume = 29,
	Year = 1995}

@mastersthesis{vitt05,
	Address = {Berlin},
	Author = {Thorsten Vitt},
	School = {Humboldt-Universit\"at zu Berlin, Institut f{\"u}r Informatik},
	Title = {{DDDquery - Anfragen an komplexe Korpora}},
	Year = {2005}}

@misc{taylor:03,
	Address = {Department of Computer Science and Software Engineering, University of Melbourne},
	Author = {Taylor, Claire Louise},
	Note = {Honours thesis},
	School = {Department of Computer Science and Software Engineering, University of Melbourne},
	Title = {{XSLT} as a {L}inguistic {Q}uery {L}anguage},
	Year = {2003}}

@inproceedings{cassidy:02,
	Address = {Las Palmas, Spain},
	Author = {Steve Cassidy},
	Booktitle = {Proc. LREC 2002},
	Month = {May},
	Pages = {807--814},
	Title = {{XQuery} as an Annotation Query Language: a Use Case Analysis},
	Year = {2002}}

@inproceedings{ext_xpath:05,
	Address = {Long Beach, California},
	Author = {Steven Bird and Yi Chen and Susan Davidson and Haejoong Lee and Yifeng Zheng},
	Booktitle = {Proc. Programming Language Technologies for XML (PLANX)},
	Month = {January},
	Pages = {35-46},
	Title = {Extending {XPath} to Support Linguistic Queries},
	Year = {2005}}

@inproceedings{cassidy:03,
	Address = {Montreal, Canada},
	Author = {Steve Cassidy},
	Booktitle = {Proc. Extreme Markup Languages 2003},
	Optmonth = {August},
	Title = {Generalising {XPath} for Directed Graphs},
	Year = {2003}}

@inproceedings{dipper04,
	Address = {Lisbon, Portugal},
	Author = {Dipper, Stefanie and Faulstich, Lukas and Leser, Ulf and L\"udeling, Anke},
	Booktitle = {Workshop on {XML}-based richly annotated corpora},
	Citeulike-Article-Id = {790004},
	Keywords = {bibtex-import, test},
	Month = {May},
	Pages = {21-29},
	Pdf = {DDD/dipper\_etal\_XBRAC04.pdf},
	Title = {Challenges in Modelling a Richly Annotated Diachronic Corpus of German},
	Url = {http://www.informatik.hu-berlin.de/Forschung\_Lehre/wbi/publications/2004/xbrac04\_final.pdf},
	Year = {2004},
	Bdsk-Url-1 = {http://www.informatik.hu-berlin.de/Forschung%5C_Lehre/wbi/publications/2004/xbrac04%5C_final.pdf}}

@techreport{faulstich05,
	Author = {Lukas C. Faulstich and Ulf Leser and Anke {L\"udeling}},
	Institution = {Institut f\"ur Informatik der Humboldt-Universit\"at zu Berlin},
	Month = {January},
	Number = {176},
	Title = {{Storing and Querying Historical Texts in a Database}},
	Year = {2005}}

@inproceedings{merge05,
	Author = {J. Pustejovsky and A. Meyers and M. Palmer and M. Poesio},
	Booktitle = {Proc. of ACL Workshop on Frontiers in Corpus Annotation 2005},
	Optnote = {http://nlp.cs.nyu.edu/meyers/frontiers/2005.html},
	Title = {Merging {PropBank}, {NomBank}, {TimeBank}, {Penn Discourse Treebank} and {Coreference}},
	Year = {2005}}

@inproceedings{gate02,
	Author = {H. Cunningham and D. Maynard and K. Bontcheva and V. Tablan},
	Booktitle = {Proc. 40th Anniversary Meeting of the Association for Computational Linguistics},
	Pages = {168--175},
	Title = {{GATE: A framework and graphical development environment for robust NLP tools and applications}},
	Year = 2002}

@techreport{schiller-etal99,
	Author = {Anne Schiller and Simone Teufel and Christine St{\"o}ckert and Christine Thielen},
	Institution = {University of Stuttgart and University of T{\"u}bingen},
	Title = {{Guidelines f{\"u}r das {T}agging deutscher {T}extcorpora mit {STTS} (Kleines und gro{\ss}es {T}agset)} http://www.ims.uni-stuttgart.de/projekte/corplex/TagSets/stts-1999.pdf},
	Year = {1999}}

@techreport{tiger-guidelines,
	Author = {S. Albert and J. Anderssen and R. Bader and S. Becker and T. Bracht and S. Brants and T. Brants and V. Demberg and S. Dipper and P. Eisenberg and S. Hansen and H. Hirschmann and J. Janitzek and C. Kirstein and R. Langner and L. Michelbacher and O. Plaehn and C. Preis and M. Pussel and M. Rower and B. Schrader and A. Schwartz and G. Smith and H. Uszkoreit},
	Institution = {Universities of Saarbr\"ucken, Stuttgart, and Potsdam},
	Title = {{TIGER} {A}nnotationsschema},
	Year = {2003}}

@inproceedings{atlas02,
	Address = {Las Palmas,Spain},
	Author = {Christophe Laprun and Jonathan G. Fiscus and John Garofolo and Sylvain Pajot},
	Booktitle = {Proc. LREC 2002},
	Title = {A practical introduction to {ATLAS}},
	Year = 2002}

@incollection{schmidt05,
	Author = {Thomas Schmidt},
	Booktitle = {Heterogeneity in Focus: Creating and Using Linguistic Databases},
	Editor = {Stefanie Dipper and Michael G\"otze and Manfred Stede},
	Publisher = {Universit\"atsverlag Potsdam},
	Series = {ISIS (Interdisciplinary Studies on Information Structure), Working Papers of the SFB 632},
	Title = {EXMARaLDA und die {D}atenbank ``{M}ehrsprachigkeit'' --- {K}onzepte und praktische {E}rfahrungen},
	Year = 2005}

@incollection{luedeling:08,
	Address = {T\"ubingen},
	Author = {Anke L\"udeling},
	Booktitle = {Fortgeschrittene Lernervariet\"aten},
	Editor = {Maik Walter and Patrick Grommes},
	Pages = {119--140},
	Publisher = {Niemeyer},
	Title = {Mehrdeutigkeiten und Kategorisierung. Probleme bei der Annotation von Lernerkorpora.},
	Year = 2008}

@incollection{moisl:toapp,
	Address = {Berlin},
	Author = {Hermann Moisl},
	Booktitle = {Corpus Linguistics. An International Handbook},
	Editor = {Anke L\"udeling and Merja Kyt\"o},
	Publisher = {Mouton de Gruyter},
	Title = {Exploratory multivariate analysis},
	Year = {to appear}}

@incollection{schmidt04,
	Address = {Wiesbaden},
	Author = {Thomas Schmidt},
	Booktitle = {Automatische Textanalyse. Systeme und Methoden zur Annotation und Analyse nat{\"u}rlichsprachlicher Texte},
	Editor = {A. Mehler and H. Lobin},
	Pages = {203--218},
	Publisher = {Verlag f{\"u}r Sozialwissenschaften},
	Title = {{EXMARaLDA} -- ein {S}ystem zur computergest{\"u}tzten {D}iskurstranskription},
	Year = 2004}

@article{anc,
	Author = {Randi Reppen and Nancy Ide},
	Journal = {Journal of English Linguistics},
	Pages = {105--113},
	Title = {The {A}merican {N}ational {C}orpus: Overall Goals and the First Release},
	Volume = 32,
	Year = 2004}

@inproceedings{ide03,
	Address = {Edmunton},
	Author = {Nancy Ide and Laurent Romary and Eric de la Clergerie},
	Booktitle = {Proc. HLT-NAACL'03 Workshop on The Software Engineering and Architecture of Language Technology},
	Pages = {25--30},
	Title = {International {S}tandard for a {L}inguistic {A}nnotation {F}ramework},
	Year = 2003}

@techreport{mate,
	Author = {Laila Dybkj{\ae}r and Niels Ole Bernsen and Hans Dybkj{\ae}r and David McKelvie and Andreas Mengel},
	School = {{N}atural {I}nteractive {S}ystems {L}aboratory, {U}niversity of {S}outhern {D}enmark},
	Title = {The {MATE} Markup Framework. {MATE} {D}eliverable {D}1.2},
	Year = {1998}}

@book{tei94,
	Address = {Chicago, Oxford},
	Editor = {C. M. Sperberg and Lou Bernard},
	Publisher = {Text Encoding Initiative},
	Title = {Guidelines for {E}lectronic {T}ext {E}ncoding and {I}nterchange (TEI P3)},
	Year = 1994}

@inproceedings{nite03,
	Address = {Budapest, Hungary},
	Author = {Carletta, Jean and Kilgour, Jonathan and O'Donnell, Timothy and Evert, Stefan and Voormann, Holger},
	Booktitle = {Proc. EACL Workshop on Language Technology and the Semantic Web (3rd Workshop on NLP and XML, NLPXML-2003)},
	Month = {April},
	Pages = {??},
	Title = {The NITE Object Model Library for Handling Structured Linguistic Annotation on Multimodal Data Sets},
	Year = 2003}

@inproceedings{baumannetal04,
	Address = {Boston, Massachusetts},
	Author = {Stefan Baumann and Caren Brinckmann and Silvia Hansen-Schirra and Geert-Jan Kruijff and Ivana Kruijff-Korbayov{\'a} and Stella Neumann and Elke Teich},
	Booktitle = {Proc. Workshop Frontiers in Corpus Annotation at HLT-NAACL 2004},
	Pages = {39--46},
	Title = {Multi-dimensional annotation of linguistic corpora for investigating information structure},
	Year = 2004}

@inproceedings{goetze05,
	Author = {Michael G\"otze and Stavros Skopeteas and Torsten Roloff and Ruben Stoel},
	Booktitle = {TbiLLC},
	Date = {2007-10-02},
	Description = {dblp},
	Editor = {Balder ten Cate and Henk Zeevat},
	Ee = {http://dx.doi.org/10.1007/978-3-540-75144-1_10},
	Isbn = {978-3-540-75143-4},
	Keywords = {dblp},
	Pages = {127-138},
	Publisher = {Springer},
	Series = {Lecture Notes in Computer Science},
	Title = {Towards a Cross-Linguistic Production Data Archive: Structure and Exploration.},
	Url = {http://dblp.uni-trier.de/db/conf/tbillc/tbillc2005.html#GotzeSRS05},
	Volume = {4363},
	Year = {2005},
	Bdsk-Url-1 = {http://dblp.uni-trier.de/db/conf/tbillc/tbillc2005.html#GotzeSRS05}}

@article{witt05,
	Author = {Witt, A. AND Goecke, D. AND Sasaki, F. AND L{\"u}ngen, H.},
	Journal = {Literary and Linguistic Computing 2005},
	Pages = {103-116},
	Title = {Unification of {XML} {D}ocuments with {C}oncurrent Markup.},
	Volume = 20,
	Year = 2005}

@manual{greene-rubin81,
	Address = {Providence, R.I.},
	Author = {Greene, B.B. and G.M. Rubin},
	Organization = {Department of Linguistics, Brown University},
	Title = {Automatic grammatical tagging of English},
	Year = {1981}}

@manual{greenbaum92,
	Author = {Greenbaum, S.},
	Organization = {University College London},
	Title = {The {ICE} tagset manual},
	Year = {1992}}

@phdthesis{eegOlofsson91,
	Author = {Eeg-Olofsson, M.},
	School = {Department of Linguistics and Phonetics, University of Lund, Sweden},
	Title = {Word-class tagging: {S}ome computational tools},
	Year = {1991}}

@techreport{souter89,
	Author = {Souter, C.},
	Institution = {ICAME, Norwegian Computing Centre for the Humanities, Bergen University, Norway},
	Title = {A {S}hort {H}andbook to the {P}olytechnic of {W}ales {C}orpus},
	Year = {1989}}

@manual{santorini90,
	Author = {Santorini, B.},
	Note = {Technical report MS-CIS-90-47},
	Organization = {Department of Computer and Information Science, University of Pennsylvania},
	Title = {Part-of-speech tagging guidelines for the {P}enn {T}reebank {P}roject},
	Year = {1990}}

@incollection{atwell-etal94,
	Address = {Las Cruces},
	Author = {E. Atwell and J. Hughes and C. Souter},
	Booktitle = {{T}he {B}alancing {A}ct: {C}ombining {S}ymbolic and {S}tatistical {A}pproaches to {L}anguage},
	Editor = {J. Klavans and P. Resnik},
	Pages = {21--28},
	Publisher = {{A}ssociation for {C}omputational {L}inguistics},
	Title = {{AMALGAM}: {A}utomatic {M}apping {A}mong {L}exico-{G}rammatical {A}nnotation {M}odels},
	Year = {1994}}

@book{WittData2005,
	Address = {San Francisco},
	Author = {Ian H. Witten and Eibe Frank},
	Edition = {2nd},
	Publisher = {Morgan Kaufman},
	Title = {Data mining: Practical machine learning tools and techniques},
	Year = {2005}}

@book{sampson95,
	Address = {Oxford},
	Author = {G. Sampson},
	Publisher = {Clarendon},
	Title = {{{English for the {C}omputer. {T}he {SUSANNE} {C}orpus and {A}nalytic {S}cheme}}},
	Year = {1995}}

@inproceedings{gomez-perez-etal03,
	Address = {Washington, DC, USA},
	Author = {Guadalupe Aguado de Cea and Asunci\'{o}n G\'{o}mez-P\'{e}rez and Inmaculada \'{A}lvarez de Mon and Antonio Pareja-Lora},
	Booktitle = {ITCC '04: Proc. International Conference on Information Technology: Coding and Computing (ITCC'04) Volume 2},
	Isbn = {0-7695-2108-8},
	Pages = {124--128},
	Publisher = {IEEE Computer Society},
	Title = {OntoTag's Linguistic Ontologies: Improving Semantic Web Annotations for a Better Language Understanding in Machines},
	Year = {2004}}

@inproceedings{annotate,
	Address = {Athens, Greece},
	Author = {T. Brants and O. Plaehn},
	Booktitle = {Proc. Second International Conference on Language Resources and Evaluation (LREC-2000)},
	Pages = {453--459},
	Title = {Interactive corpus annotation.},
	Year = {2000}}

@inproceedings{palinka,
	Address = {Sapporo, Japan},
	Author = {Orasan, C.},
	Booktitle = {Proc. 4th SIGdial Workshop on Discourse and Dialogue},
	Pages = {39--43},
	Title = {PALinkA: a highly customisable tool for discourse annotation.},
	Year = {2003}}

@article{tiger,
	Author = {Sabine Brants and Stefanie Dipper and Peter Eisenberg and Silvia Hansen and Esther K{\"o}nig and Wolfgang Lezius and Christian Rohrer and George Smith and Hans Uszkoreit},
	Journal = {Research on Language and Computation},
	Number = 4,
	Pages = {597--620},
	Title = {{TIGER}: Linguistic Interpretation of a {G}erman Corpus},
	Volume = 2,
	Year = 2004}

@inproceedings{tigeralt,
	Address = {Leuven, Belgium},
	Author = {Dipper, S. and Brants, T. and Lezius, W. and Plaehn, O. and Smith, G.},
	Booktitle = {Third Workshop on Linguistically Interpreted Corpora LINC-2001},
	Title = {The TIGER Treebank.},
	Year = {2001}}

@article{pearson,
	Author = {Pearson, K.},
	Journal = {Philosophical Magazine, 50(Series 5)},
	Title = {{On the criterion that a given system of deviations from the probable in the case of a correlated system of variables is such that it can be reasonably supposed to have arisen from random sampling.}},
	Year = {1900}}

@inproceedings{urml,
	Address = {Budapest, Hungary},
	Author = {David Reitter and Manfred Stede},
	Booktitle = {Proc. 4th International Workshop on Linguistically Interpreted Corpora (LINC-03), Proc. EACL 2003},
	Title = {Step by step: underspecified markup in incremental rhetorical analysis.},
	Year = {2003}}

@inproceedings{ramshaw95,
	Address = {Cambridge, USA},
	Author = {L.~A. Ramshaw and M.~P. Marcus},
	Booktitle = {Proc. Third ACL Workshop on Very Large Corpora},
	Optpages = {82--94},
	Title = {Text Chunking using Transformation-based Learning},
	Year = {1995}}

@conference{tzoukermann1997effective,
	Address = {Philadelphia, Pennsylvania; USA},
	Annote = {beschreiben integration von POS und morphologie},
	Author = {Tzoukermann, E. and Klavans, J.L. and Jacquemin, C.},
	Booktitle = {20th Annual International ACM SIGIR Conference on Research and Development in Information Retrieval (SIGIR)},
	Month = {July 27--31},
	Myorganization = {Association for Computing Machinery},
	Myurl = {http://reference.kfupm.edu.sa/content/e/f/effective_use_of_natural_language_proces_223118.pdf},
	Pages = {148-155},
	Title = {{Effective Use of Natural Language Processing Techniques for Automatic Conflation of Multi-Word Terms: The Role of Derivational Morphology, Part of Speech Tagging, and Shallow Parsing}},
	Year = {1997}}

@article{wilks1998grammar,
	Annote = {anschauen, beschreibt evtl. pipeline-konzept},
	Author = {Wilks, Y. and Stevenson, M.},
	Journal = {Natural Language Engineering},
	Mypublisher = {Cambridge University Press},
	Number = {2},
	Pages = {135--143},
	Title = {{The grammar of sense: Using part-of-speech tags as a first step in semantic disambiguation}},
	Volume = {4},
	Year = {1998}}

@conference{gietz6textgrid,
	Address = {Amsterdam},
	Author = {Gietz, P. and Aschenbrenner, A. and Budenbender, S. and Jannidis, F. and K{\"u}ster, M.W. and Ludwig, C. and Pempe, W. and Vitt, T. and Wegstein, W. and Zielinski, A.},
	Booktitle = {Proc. Second IEEE International Conference on e-Science and Grid Computing (E-SCIENCE '06)},
	Fullauthor = {Peter Gietz, Andreas Aschenbrenner, Stefan B{\"u}denbender, Fotis Jannidis, Marc Wilhelm K{\"u}ster, Christoph Ludwig, Wolfgang Pempe, Thorsten Vitt, Werner Wegstein, Andrea Zielinski},
	Myorganization = {IEEE Computer Society},
	Pages = {133--141},
	Title = {{TextGrid and eHumanities}},
	Year = {2006}}

@inproceedings{aschenbrenner-textgrid,
	Address = {Alicante, Spain},
	Author = {Aschenbrenner, A. and Gietz, P. and K{{\"u}}ster, M.W. and Ludwig, C. and Neuroth, H.},
	Booktitle = {Proc. International Workshop on Digital Library Goes e-Science (DLSci06)},
	Fullauthor = {Andreas Aschenbrenner, Peter Gietz, Marc Wilhelm K{\"u}ster, Christoph Ludwig and Heike Neuroth},
	Mypublisher = {Citeseer},
	Nomonth = {September 21, 2006},
	Pages = {27--36},
	Title = {{TextGrid. A modular platform for collaborative textual editing}},
	Year = {2006}}

@inproceedings{crysmann2001integrated,
	Address = {Philadelphia, Pennsylvania, USA},
	Author = {Crysmann, B. and Frank, A. and Kiefer, B. and M{{\"u}}ller, S. and Neumann, G. and Piskorski, J. and Sch{\"a}fer, U. and Siegel, M. and Uszkoreit, H. and Xu, F. and Becker, M. and Krieger, H.},
	Booktitle = {Proc. 40th Annual Meeting of the Association for Computational Linguistics},
	Fullauthor = {Berthold Crysmann and Anette Frank and Kiefer Bernd and Stefan Mueller and Guenter Neumann and Jakub Piskorski and Ulrich Schaefer and Melanie Siegel and Hans Uszkoreit and Feiyu Xu and Markus Becker and Hans-Ulrich Krieger},
	Month = {July},
	Mydoi = {10.3115/1073083.1073157},
	Mypublisher = {Association for Computational Linguistics},
	Myurl = {http://www.aclweb.org/anthology/P02-1056},
	Pages = {441--448},
	Title = {{An integrated architecture for shallow and deep processing}},
	Year = {2002}}

@conference{bikel2002design,
	Author = {Bikel, D.M.},
	Booktitle = {Proc. second international conference on Human Language Technology Research (HLT 2002)},
	Myaddress = {San Francisco, CA, USA evtl. der publisher},
	Myorganization = {Morgan Kaufmann Publishers Inc.},
	Mypages = {178--182 (citeseer hat andere angaben)},
	Title = {{Design of a multi-lingual, parallel-processing statistical parsing engine}},
	Year = {2002}}

@conference{mcmillian2008distributed,
	Author = {McMillian, Y. and Gilbert, J.E.},
	Booktitle = {Proc. 46th Annual Meeting of the Association for Computational Linguistics on Human Language Technologies},
	Myorganization = {Association for Computational Linguistics},
	Pages = {173--176},
	Title = {{Distributed listening: a parallel processing approach to automatic speech recognition}},
	Year = {2008}}

@conference{luis2009high,
	Address = {Singapore},
	Author = {Lu{\'\i}s, T. and de Matos, D.M.},
	Booktitle = {Proc. Third Linguistic Annotation Workshop (LAW-III) held in conjunction with ACL-IJCNLP 2009},
	Myorganization = {Association for Computational Linguistics},
	Nomonth = {August},
	Pages = {99--107},
	Title = {{High-performance high-volume layered corpora annotation}},
	Year = {2009}}

@conference{egner7uima,
	Author = {Egner, M.T. and Lorch, M. and Biddle, E.},
	Booktitle = {Proc. Seventh IEEE International Symposium on Cluster Computing and the Grid (CCGRID'07)},
	Pages = {317--326},
	Title = {{UIMA Grid: Distributed large-scale text analysis}},
	Year = {2007}}

@article{carl2000towards,
	Author = {Carl, M. and Pease, C. and Iomdin, L.L. and Streiter, O.},
	Journal = {Machine Translation},
	Mypublisher = {Springer},
	Number = {3},
	Pages = {223--257},
	Title = {{Towards a dynamic linkage of example-based and rule-based machine translation}},
	Volume = {15},
	Year = {2000}}

@incollection{streiter2000learning,
	Address = {Chester, UK},
	Author = {Streiter, O. and Iomdin, L.L. and Hong, M. and Hauck, U.},
	Booktitle = {Proc. 8th International Conference on Theoretical and Methodological Issues in Machine Translation (TMI 1999)},
	Fullauthor = {Streiter, Oliver, L. L. Iomdin, Munpyo Hong \& Ute Hauck},
	Nomonth = {August},
	Title = {{Learning, forgetting and remembering: Statistical support for rule-based MT}},
	Year = {2000}}

@conference{atwell1994amalgam,
	Address = {Las Cruces, New Mexico, USA},
	Author = {Atwell, E. and Hughes, J. and Souter, C.},
	Booktitle = {Proc. ACL 1994 Workshop on The Balancing Act: Combining Symbolic and Statistical Approaches to Language},
	Booktitle_Full = {Proc. Workshop on The Balancing Act: Combining Symbolic and Statistical Approaches to Language, held in conjunction with the 32nd Annual Meeting of the ACL},
	Fullauthor = {Atwell, Eric and John Hughes and Clive Souter},
	Nonomonth = {July},
	Pages = {21--28},
	Title = {{AMALGAM: Automatic Mapping Among Lexico-Grammatical Annotation Models}},
	Year = {1994}}

@incollection{kotsyba2008principles,
	Address = {Warsaw},
	Author = {Kotsyba, N. and Shypnivska, O. and Turska, M.},
	Booktitle = {Intelligent Information Systems},
	Editor = {K{\l}opotek, M. A., Przepi{\'o}rkowski, A., Wierzcho\'n, S. T., and Trojanowski, K.},
	Pages = {475--484},
	Publisher = {Akademicka Oficyna Wydawnicza EXIT},
	Title = {{Principles of organising a common morphological tagset for PolUKR (Polish-Ukrainian Parallel Corpus)}},
	Year = {2008}}

@incollection{dimitrovaa-comparing,
	Address = {Kyiv},
	Author = {Dimitrova, L. and Garab{\'\i}k, R. and Majchr{\'a}kov{\'a}, D.},
	Booktitle = {Organization and Development of Digital Lexical Resources},
	Nopublisher = {Dovira Publishing House},
	Pages = {38--46},
	Title = {{Comparing Bulgarian and Slovak Multext-East morphology tagset}},
	Year = {2009}}

@misc{rosen-morphological,
	Author = {Rosen, A.},
	Howpublished = {unpublished ms.},
	Title = {{Morphological Tags in Parallel Corpora}},
	Url = {http://utkl.ff.cuni.cz/~rosen/public/unitags_pap.pdf},
	Year = {2010},
	Bdsk-Url-1 = {http://utkl.ff.cuni.cz/~rosen/public/unitags_pap.pdf}}

@conference{zeman2008reusable,
	Address = {Marrakech, Morocco},
	Annote = {wenn das hier zitiert wird, dann immer auch auf teufel95 hinweisen, denn das ist {\"a}tzend unoriginell},
	Author = {Zeman, D.},
	Booktitle = {Proc. LREC 2008},
	Fullbooktitle = {Proc. 6th International Conference on Language Resources and Evaluation (LREC 2008)},
	Mypages = {2--9517408},
	Nomonth = {May},
	Title = {{Reusable Tagset Conversion Using Tagset Drivers}},
	Year = {2008}}

@conference{teufel1995,
	Author = {Teufel, S.},
	Booktitle = {Proc. EACL95 SIGDAT Workshop},
	Title = {{A support tool for tagset mapping}},
	Year = {1995}}

@inproceedings{baskaran-etal08-indiantagset,
	Address = {Hyderabad, India},
	Author = {Baskaran, S. and Bali,K. and Bhattachrya, T. and Bhattachrya, P. and Jha, G. N. and Rajendran, S. and Saravanan, K. and Sobha, L. and Subbarao, K. V.},
	Booktitle = {6th Workshop on Asian Language Resources},
	Pages = {89-92},
	Title = {Designing a Common POS-Tagset Framework for Indian Languages},
	Year = {2008}}

@conference{calzolari2002broadening,
	Address = {Taipei, Taiwan},
	Author = {Calzolari, N. and della Ricerca, A. and Moruzzi, V. and Lenci, A. and Maria, V.S. and Bertagna, F. and Zampolli, A.},
	Booktitle = {Proc. 3rd Workshop on Asian Language Resources and International Standardization},
	Pages = {9--16},
	Title = {{Broadening the scope of the EAGLES/ISLE lexical standardization initiative}},
	Year = {2002}}

@inproceedings{zampolli97,
	Address = {Kaunas, Lithuania},
	Author = {Zampolli, A.},
	Booktitle = {The General Context of the European Actions for Language Resources, Proc. Second European Seminar: Language Applications for Multilingual Europe},
	Editor = {R. Marcinkeviciene, N. Volz},
	Pages = {185-210},
	Publisher = {TELRI},
	Title = {{The PAROLE Project in R}},
	Year = {1997}}

@conference{khoja2001tagset,
	Address = {Lancaster},
	Author = {Khoja, S. and Garside, R. and Knowles, G.},
	Booktitle = {Corpus Linguistics 2001 conference},
	Title = {{A tagset for the morphosyntactic tagging of Arabic}},
	Year = {2001}}

@phdthesis{kawata-tagsets,
	Address = {Colchester, UK},
	Author = {Kawata, Y.},
	Institution = {University of Essex},
	Title = {{Tagsets for morphosyntactic corpus annotation: The idea of a `reference tagset' for Japanese}},
	Year = {2005}}

@conference{ide2004registry,
	Address = {Lisboa, Portugal},
	Author = {Ide, N. and Romary, L.},
	Booktitle = {Proc. LREC 2004},
	Fullbooktitle = {Proc. Fourth Language Resources and Evaluation Conference (LREC 2004)},
	Nomonth = {May},
	Pages = {135--39},
	Title = {{A registry of standard data categories for linguistic annotation}},
	Year = {2004}}

@inproceedings{sloetjes2008annotation,
	Address = {Marrakech, Morocco},
	Author = {Sloetjes, H. and Wittenburg, P.},
	Booktitle = {Proc. International Conference on Language Resources and Evaluation (LREC 2008)},
	Nomonth = {May},
	Title = {{Annotation by category: Elan and iso dcr}},
	Year = {2008}}

@inproceedings{dechalendar-nouvel:2009:SETQA-NLP,
	Address = {Boulder, Colorado},
	Author = {de Chalendar, G. and Nouvel, D.},
	Booktitle = {Proc. Workshop on Software Engineering, Testing, and Quality Assurance for Natural Language Processing (SETQA-NLP 2009)},
	Fullauthor = {de Chalendar, Ga\"{e}l and Nouvel, Damien},
	Month = {June},
	Mypublisher = {Association for Computational Linguistics},
	Myurl = {http://www.aclweb.org/anthology/W09-1511},
	Pages = {65--73},
	Title = {Modular resource development and diagnostic evaluation framework for fast {NLP} system improvement},
	Year = {2009}}

@techreport{bakker1993eurotyp,
	Author = {Bakker, D. and Dahl, O. and Haspelmath, M. and Koptjevskaja-Tamm, M. and Lehmann, C. and Siewierska, A.},
	Fullauthor = {Dik Bakker,Osten Dahl, Martin Haspelmath, Maria Koptjevskaja-Tamm, Christian Lehmann, and Anna Siewierska},
	Institution = {European Science Foundation Programme in Language Typology},
	Title = {{EUROTYP guidelines}},
	Year = {1993}}

@conference{farrar2003markup,
	Author = {Farrar, S. and Langendoen, D.T.},
	Booktitle = {EMELD Workshop on Digitizing and Annotating Text and Field Recordings},
	Myurl = {http://emeld.org/workshop/2003/proceeding03.html#papers},
	Nomonth = {July},
	Publisher = {Michigan State University},
	Title = {{Markup and the GOLD ontology}},
	Year = {2003}}

@inproceedings{bickel-nichols02,
	Address = {Las Palmas, Spain},
	Author = {Bickel, B. and Nichols, J.},
	Booktitle = {Proc. LREC 2002 Workshop on Resources and Tools in Field Linguistics},
	Nomonth = {May},
	Title = {Autotypologizing databases and their use in fieldwork},
	Year = {2002}}

@inproceedings{simons2004semantics,
	Address = {Barcelona, Spain},
	Author = {Simons, G.F. and Lewis, W.D. and Farrar, S.O. and Langendoen, D.T. and Fitzsimons, B. and Gonzalez, H.},
	Booktitle = {Proc. 4th Workshop on NLP and XML (NLPXML-2004)},
	Fullauthor = {Simons, Gary and Lewis, William and Farrar, Scott and Langendoen, Terence and Fitzsimons, Brian and Gonzalez, Hector},
	Fullbooktitle = {Proc. 4th Workshop on NLP and XML (NLPXML-2004)},
	Fulltitle = {The Semantics of Markup: {Mapping} Legacy Markup Schemas to a Common Semantics},
	Month = {July},
	Mypublisher = {Association for Computational Linguistics},
	Noeditor = {Graham Wilcock, Nancy Ide and Laurent Romary},
	Pages = {25--32},
	Title = {The Semantics of Markup},
	Year = 2004}

@conference{saulwick2005distributed,
	Address = {Porto},
	Author = {Saulwick, A. and Windhouwer, M. and Dimitriadis, A. and Goedemans, R.},
	Booktitle = {Proc. 17th Conf. on Advanced Information Systems Engineering (CAiSE'05)},
	Title = {{Distributed tasking in ontology mediated integration of typological databases for linguistic research}},
	Year = {2005}}

@misc{bickel-nichols07-autotyp-principles,
	Author = {Bickel, B. and Nichols, J.},
	Fullauthor = {Balthasar Bickel and Johanna Nichols},
	Howpublished = {\url{http://www.uni-leipzig.de/~autotyp/theory.html}},
	Note = {version of 01/12/2007},
	Title = {The goals and principles of {AUTOTYP}},
	Year = {2000}}

@inproceedings{wilcock07,
	Address = {Prague, Czech Republic},
	Author = {Wilcock, Graham},
	Booktitle = {Proc. 45th Annual Meeting of the Association for Computational Linguistics},
	Month = {June},
	Pages = {169--172},
	Title = {{An OWL ontology for HPSG}},
	Year = {2007}}

@conference{goecke2005gold,
	Address = {Cambridge, Massachusetts},
	Author = {Goecke, D. and L{{\"u}}ngen, H. and Sasaki, F. and Witt, A. and Farrar, S.},
	Booktitle = {Proc. E-MELD Workshop on Morphosyntactic Annotation and Terminology: Linguistic Ontologies and Data Categories for Language Resources},
	Nomonth = {July},
	Title = {{GOLD and discourse: Domain-and community-specific extensions}},
	Year = {2005}}

@article{cysouw2005can,
	Address = {Cambridge, Massachusetts},
	Author = {Cysouw, M. and Good, J. and Albu, M. and Bibiko, H.J.},
	Journal = {Proc. E-MELD Workshop on Morphosyntactic Annotation and Terminology: Linguistic Ontologies and Data Categories for Language Resources},
	Nomonth = {July},
	Title = {{Can GOLD ``cope'' with WALS? Retrofitting an ontology onto the World Atlas of Language Structures}},
	Year = {2005}}

@book{haspelmath2005world,
	Author = {Haspelmath, M. and Dryer, M.S. and Bibiko, H.J. and Gil, D. and Comrie, B. and Hagen, J. and Schmidt, C.},
	Publisher = {Oxford University Press, USA},
	Title = {{The World Atlas of Language Structures}},
	Year = {2005}}

@conference{cimiano2003ontology,
	Address = {Nancy, France},
	Author = {Cimiano, P. and Reyle, U.},
	Booktitle = {Proc. Lorraine/Saarland Workshop on Prospects and Recent Advances in the Syntax-Semantics Interface},
	Nomonth = {October},
	Pages = {33--38},
	Title = {{Ontology-based semantic construction, underspecification and disambiguation}},
	Year = {2003}}

@inproceedings{deCea-atal04,
	Address = {Washington, DC, USA},
	Author = {Aguado de Cea, G. and Gomez-Perez, A. and Alvarez de Mon, I. and Pareja-Lora, A.},
	Booktitle = {Proc. Information Technology: Coding and Computing (ITCC'04)},
	Fullbooktitle = {Proc. International Conference on Information Technology: Coding and Computing (ITCC'04)},
	Fulltitle = {{OntoTag's linguistic ontologies: Improving semantic web annotations for a better language understanding in machines}},
	Title = {{OntoTag's linguistic ontologies}},
	Year = {2004}}

@conference{coppola2009frame,
	Address = {Heraklion, Crete},
	Author = {Coppola, B. and Gangemi, A. and Gliozzo, A. and Picca, D. and Presutti, V.},
	Booktitle = {Proc. 6th European Semantic Web Conference on The Semantic Web: Research and Applications (ESCW 2009)},
	Nomonth = {May 31-June 04},
	Title = {{Frame Detection over the Semantic Web}},
	Year = {2009}}

@inproceedings{gangemi2003ontowordnet,
	Address = {Catania, Italy},
	Author = {Gangemi, A. and Navigli, R. and Velardi, P.},
	Booktitle = {Proc. On the Move to Meaningful Internet Systems (OTM2003)},
	Editor = {R. Meersman and Z. Tari},
	Pages = {820--838},
	Title = {{The OntoWordNet project: Extension and axiomatization of conceptual relations in {W}ord{N}et}},
	Year = {2003}}

@inproceedings{scheffczyk2006linking,
	Address = {Baltimore, Maryland, USA},
	Author = {Jan Scheffczyk and Adam Pease and Michael Ellsworth},
	Booktitle = {Proceedings of the Fourth International Conference on Formal Ontology in Information Systems (FOIS 2006)},
	Month = {November},
	Pages = {289-300},
	Title = {{Linking FrameNet to the Suggested Upper Merged Ontology}},
	Year = {2006}}

@conference{burchardt2008formalising,
	Address = {Hyderabad},
	Author = {Burchardt, A. and Pad{\'o}, S. and Spohr, D. and Frank, A. and Heid, U.},
	Booktitle = {Proc. 3rd International Joint Conf on NLP (IJCNLP 2008)},
	Nomonth = {January},
	Title = {{Formalising Multi-layer Corpora in OWL/DL -- Lexicon Modelling, Querying and Consistency Control}},
	Year = {2008}}

@article{ide2004international,
	Author = {Ide, N. and Romary, L.},
	Journal = {Natural language engineering},
	Mypublisher = {Cambridge Univ Press},
	Number = {3-4},
	Pages = {211--225},
	Title = {{International standard for a linguistic annotation framework}},
	Volume = {10},
	Year = {2004}}

@conference{wright2004global,
	Address = {Lisboa, Portugal},
	Author = {Wright, S.E.},
	Booktitle = {Proc. Fourth Language Resources and Evaluation Conference (LREC 2004)},
	Nomonth = {May},
	Pages = {123--126},
	Title = {{A global data category registry for interoperable language resources}},
	Year = {2004}}

@article{chiarcos-ontology,
	shortAuthor = {Chiarcos, C.},
	author = {Christian Chiarcos},
	Journal = {LDV Forum},
	Nonote = {Foundations of Ontologies in Text Technology, Part II: Applications},
	Number = {1},
	Pages = {1-16},
	Title = {An ontology of linguistic annotations},
	Volume = {23},
	Year = {2008}}

@article{chiarcos2007ontology,
	Author = {Chiarcos, C.},
	Journal = {Proc. DIALOG},
	Publisher = {Citeseer},
	Title = {{An ontology of linguistic annotation: Word classes and morphology}},
	Volume = {2007},
	Year = {2007}}

@article{rehm2009sustainability,
	Author = {Rehm, G. and Schonefeld, O. and Witt, A. and Hinrichs, E. and Reis, M.},
	Journal = {Literary and Linguistic Computing},
	Publisher = {ALLC},
	Title = {{Sustainability of annotated resources in linguistics: A web-platform for exploring, querying, and distributing linguistic corpora and other resources}},
	Year = {2009}}

@inproceedings{rehm2owl,
	Address = {Borovets, Bulgaria},
	Author = {Rehm, G. and Eckart, R. and Chiarcos, C.},
	Booktitle = {Proc. RANLP 2007},
	Nomonth = {September},
	Title = {{An OWL-and XQuery-based mechanism for the retrieval of linguistic patterns from XML-corpora}},
	Year = {2007}}

@inproceedings{buyko-etal08,
	Address = {Marrakech, Morocco},
	Author = {Buyko, E. and Chiarcos, C. and Pareja-Lora, A.},
	Booktitle = {Proc. LREC 2008},
	Fullauthor = {Buyko, Ekaterina and Chiarcos, Christian and Pareja-Lora, Antonio},
	Fullbooktitle = {Proc. International Conference on Language Resources and Evaluation (LREC 2008)},
	Nomonth = {May},
	Title = {Ontology-Based Interface Specifications for a {NLP} Pipeline Architecture},
	Year = {2008}}

@conference{kermes2003text,
	Author = {Kermes, H. and Evert, S.},
	Booktitle = {Proc. Corpus Linguistics 2003},
	Organization = {Citeseer},
	Title = {{Text analysis meets corpus linguistics}},
	Year = {2003}}

@conference{kermes2002yac,
	Address = {Las Palmas, Spain},
	Author = {Kermes, H. and Evert, S.},
	Booktitle = {Proc. Third International Conference on Language Resources and Evaluation (LREC 2002)},
	Nomonth = {May},
	Pages = {1805--1812},
	Title = {{YAC -- A recursive chunker for unrestricted German text}},
	Year = {2002}}

@article{marcus1994building,
	Author = {Marcus, M.P. and Santorini, B. and Marcinkiewicz, M.A.},
	Journal = {Computational Linguistics},
	Number = {2},
	Pages = {313--330},
	Title = {{Building a large annotated corpus of English: The Penn Treebank}},
	Volume = {19},
	Year = {1994}}

@inproceedings{connexor97,
	Address = {Washington, DC},
	Author = {Tapanainen, P. and J{\"a}rvinen, T.},
	Booktitle = {Proc. 5th Conference on Applied NLP},
	Fullauthor = {Pasi Tapanainen and Timo J{\"a}rvinen},
	Fullbooktitle = {Proc. 5th Conference on Applied Natural Language Processing},
	Nomonth = {April},
	Pages = {64-71},
	Title = {A nonprojective dependency parser},
	Year = {1997}}

@book{sampson1995english,
	Author = {Sampson, G.},
	Publisher = {Oxford University Press},
	Title = {{English for the computer: The SUSANNE corpus and analytic scheme}},
	Year = {1995}}

@inproceedings{mandel2006integrated,
	Address = {Manchester, UK},
	Author = {Mandel, M.},
	Booktitle = {Text Mining Ontologies and Natural Language Processing in Biomedicine},
	Title = {{Integrated Annotation of Biomedical Text: Creating the PennBioIE corpus}},
	Year = {2006}}

@article{kim2003genia,
	Author = {Kim, J.D. and Ohta, T. and Tateisi, Y. and Tsujii, J.},
	Journal = {Bioinformatics},
	Mypublisher = {Oxford Univ Press},
	Number = {1},
	Pages = {180--182},
	Title = {{GENIA corpus-a semantically annotated corpus for bio-textmining}},
	Volume = {19},
	Year = {2003}}

@techreport{schiller1999guidelines,
	Author = {Schiller, A. and Teufel, S. and Thielen, C. and St{\"o}ckert, C.},
	Institution = {University of Stuttgart, University of T{\"u}bingen},
	Title = {{Guidelines f{\"u}r das Tagging deutscher Textcorpora mit STTS}},
	Year = {1999}}

@conference{brants2002developments,
	Address = {Las Palmas, Spain},
	Author = {Brants, S. and Hansen, S.},
	Booktitle = {Proc. LREC 2002},
	Fullbooktitle = {Proc. Third International Conference on Language Resources and Evaluation (LREC 2002)},
	Fulltitle = {{Developments in the TIGER annotation scheme and their realization in the corpus}},
	Nomonth = {May},
	Pages = {1643--1649},
	Title = {{Developments in the TIGER annotation scheme}},
	Year = {2002}}

@conference{zielinski2008morphisto,
	Address = {Ispra, Italy},
	Author = {Zielinski, A. and Simon, C.},
	Booktitle = {Proc. Finite State Methods in NLP (FSMNLP)},
	Fullbooktitle = {Proc. Conference on Finite State Methods in Natural Language Processing (FSMNLP)},
	Nomonth = {September},
	Title = {{Morphisto: An open-source morphological analyzer for German}},
	Year = {2008}}

@inproceedings{schmid-laws08,
	Address = {Manchester, UK},
	Author = {Schmid, H. and Laws, F.},
	Booktitle = {Proc. COLING 2008},
	Fullauthor = {Helmut Schmid and Florian Laws},
	Fullbooktitle = {Proc. 22nd International Conference on Computational Linguistics (COLING 2008)},
	Nomonth = {August},
	Title = {Estimation of Conditional Probabilities with Decision Trees and an Application to Fine-Grained POS Tagging},
	Year = {2008}}

@incollection{meyer03,
	Address = {M{\"u}nchen},
	Author = {Meyer, R.},
	Booktitle = {Linguistische Beitr{\"a}ge zur Slavistik aus Deutschland und {\"O}sterreich. X. JungslavistInnen-Treffen, Berlin 2001},
	Editor = {Hammel, R. and L. Geist},
	Fullauthor = {Roland Meyer},
	Pages = {92--105},
	Publisher = {Sagner},
	Title = {{Halbautomatische morphosyntaktische Annotation russischer Texte}},
	Year = {2003}}

@conference{sharoff2008designing,
	Address = {Marrakech, Morocco},
	Author = {Sharoff, S. and Kopotev, M. and Erjavec, T. and Feldman, A. and Divjak, D.},
	Booktitle = {Proc. LREC 2008},
	Fullbooktitle = {Proc. 6th International Conference on Language Resources and Evaluation (LREC 2008)},
	Nomonth = {May},
	Title = {{Designing and evaluating Russian tagsets}},
	Year = {2008}}

@book{isis07,
	Editor = {Dipper, S. and G{\"o}tze, M. and Skopeteas, S.},
	Fulleditor = {Dipper, Stefanie and G{\"o}tze, Michael and Skopeteas, Stavros},
	Noaddress = {Potsdam, Germany},
	Nopublisher = {Universit{\"a}tsverlag Potsdam},
	Series = {Interdisciplinary Studies on Information Structure (ISIS); 7},
	Title = {Information Structure in Cross-Linguistic Corpora: {Annotation} Guidelines for Phonology, Morphology, Syntax, Semantics, and Information Structure},
	Year = {2007}}

@article{petrova-etal09,
	Author = {Petrova, S. and Chiarcos, C. and Ritz, J. and Solf, M. and Zeldes, A.},
	Fullauthor = {Petrova, Svetlana and Chiarcos, Christian and Ritz, Julia and Solf, Michael and Zeldes, Amir},
	Journal = {Traitement automatique des langues et langues anciennes},
	Number = {2},
	Pages = {47-71},
	Title = {Building and using a richly annotated interlinear diachronic corpus: {The case of Old High German Tatian}},
	Volume = {50},
	Year = {2009}}

@inproceedings{wagner-zeisler04,
	Address = {Lisboa, Portugal},
	Author = {Wagner, A. and Zeisler, B.},
	Booktitle = {Proc. LREC 2004},
	Fullauthor = {Wagner, Andreas and Zeisler, Bettina},
	Fullbooktitle = {Fourth International Conference on Language Resources and Evaluation (LREC 2004)},
	Nomonth = {May},
	Title = {A syntactically annotated corpus of {Tibetan}},
	Year = {2004}}

@conference{skut1998linguistically,
	Address = {Saarbr{\"u}cken, Germany},
	Author = {Skut, W. and Brants, T. and Krenn, B. and Uszkoreit, H.},
	Booktitle = {Proc. ESSLLI Workshop on Recent Advances in Corpus Annotation},
	Fullbooktitle = {Proc. ESSLLI Workshop on Recent Advances in Corpus Annotation},
	Nomonth = {August},
	Title = {{A linguistically interpreted corpus of German newspaper text}},
	Year = {1998}}

@conference{brants2002tiger,
	Address = {Sozopol, Bulgaria},
	Author = {Brants, S. and Dipper, S. and Hansen, S. and Lezius, W. and Smith, G.},
	Booktitle = {Proc. Workshop on Treebanks and Linguistic Theories},
	Nomonth = {September},
	Pages = {24--41},
	Title = {{The TIGER treebank}},
	Year = {2002}}

@conference{stede2004potsdam,
	Address = {Barcelona, Spain},
	Author = {Stede, M.},
	Booktitle = {Proc. 2004 ACL Workshop on Discourse Annotation},
	Pages = {96--102},
	Title = {{The Potsdam Commentary Corpus}},
	Year = {2004}}

@conference{schmid1994probabilistic,
	Address = {Manchester, UK},
	Author = {Schmid, H.},
	Booktitle = {Proc. International Conference on New Methods in Language Processing},
	Title = {{Probabilistic part-of-speech tagging using decision trees}},
	Year = {1994}}

@conference{toutanova2003feature,
	Address = {Edmonton, Canada},
	Author = {Toutanova, K. and Klein, D. and Manning, C.D. and Singer, Y.},
	Booktitle = {Proc. 2003 Conference of the North American Chapter of the Association for Computational Linguistics on Human Language Technology (HLT-NAACL 2003)},
	Myorganization = {Association for Computational Linguistics},
	Nomonth = {May},
	Title = {{Feature-rich part-of-speech tagging with a cyclic dependency network}},
	Year = {2003}}

@inproceedings{klein2003accurate,
	Address = {Sapporo, Japan},
	Author = {Klein, D. and Manning, C.D.},
	Booktitle = {Proc. 41st Annual Meeting of the Association for Computational Linguistics},
	Fullauthor = {Dan Klein and Christopher D. Manning},
	Month = {July},
	Pages = {423--430},
	Title = {Accurate Unlexicalized Parsing},
	Year = {2003}}

@conference{petrov2007improved,
	Address = {Rochester, NY},
	Author = {Petrov, S. and Klein, D.},
	Booktitle = {Proc. Conference of the North American Chapter of the Association for Computational Linguistics on Human Language Technology (HLT-NAACL 2007)},
	Nomonth = {April},
	Pages = {404--411},
	Title = {{Improved inference for unlexicalized parsing}},
	Year = {2007}}

@inproceedings{chiarcos-ritz-stede:2009:LAW-III,
	Address = {Singapore},
	Booktitle = {Proc. Third Linguistic Annotation Workshop (LAW-III), held in conjunction with ACL-IJCNLP 2009},
	Fullauthor = {Chiarcos, C. and Ritz, J. and Stede, M.},
	Month = {August},
	Pages = {35--43},
	Title = {By all these lovely tokens... {M}erging Conflicting Tokenizations},
	Year = {2009}}

@conference{aguado2002pareja,
	Address = {Lyon, France},
	Author = {Aguado de Cea, G. and de Mon-Rego, {\'A}. I. and Pareja-Lora, A. and Plaza-Arteche, R.},
	Booktitle = {Proc. ECAI 2002 Workshop on Semantic Authoring, Annotation and Knowledge Markup},
	Nomonth = {July},
	Title = {OntoTag: A Semantic Web Page Linguistic Annotation Model},
	Year = {2002}}

@article{sirin2007pellet,
	Author = {Sirin, E. and Parsia, B. and Grau, B.C. and Kalyanpur, A. and Katz, Y.},
	Journal = {Web Semantics: Science, Services and Agents on the World Wide Web},
	Number = {2},
	Pages = {51--53},
	Title = {{Pellet: A practical OWL/DL reasoner}},
	Volume = {5},
	Year = {2007}}

@inproceedings{DAVIS08.911,
	Address = {Marrakech, Morocco},
	Author = {Davis, B. and Handschuh, S. and Troussov, A. and Judge, J. and Sogrin, M.},
	Booktitle = {Proc. Sixth International Conference on Language Resources and Evaluation (LREC 2008)},
	Fullauthor = {Davis, Brian and Handschuh, Siegfried and Troussov, Alexander and Judge, John and Sogrin, Mikhail},
	Month = {May},
	Title = {Linguistically Light Lexical Extensions for Ontologies},
	Year = {2008}}

@inproceedings{AGUADODECEA08.345,
	Address = {Marrakech, Morocco},
	Author = {Aguado de Cea, G. and Puch, J. and Ramos, J.{\'A}.},
	Booktitle = {Proc. Sixth International Conference on Language Resources and Evaluation (LREC 2008)},
	Fullauthor = {Aguado de Cea, Guadalupe and Puch, Javier and Ramos, Jos{\'e} {\'A}ngel},
	Month = {May},
	Title = {Tagging {Spanish} Texts: {The} Problem of ``SE''},
	Year = {2008}}

@article{halteren2001improving,
	Author = {Halteren, H. and Zavrel, J. and Daelemans, W.},
	Journal = {Computational Linguistics},
	Mypublisher = {MIT Press},
	Number = {2},
	Pages = {199--229},
	Title = {{Improving accuracy in word class tagging through the combination of machine learning systems}},
	Volume = {27},
	Year = {2001}}

@inproceedings{brill1998classifier,
	Address = {Montr{\'e}al, Canada},
	Author = {Brill, E. and Wu, J.},
	Booktitle = {Proc. 36th Annual Meeting of the Association for Computational Linguistics and the 17th International Conference on Computational Linguistics (COLING-ACL 1998)},
	Myorganization = {ASSOCIATION FOR COMPUTATIONAL LINGUISTICS},
	Nomonth = {August},
	Pages = {191--195},
	Title = {{Classifier combination for improved lexical disambiguation}},
	Year = {1998}}

@conference{zavrel-daelemans00bootstrapping,
	Address = {Athens, Greece},
	Author = {Zavrel, J. and Daelemans, W.},
	Booktitle = {Proc. 2nd International Conference on Language Resources and Evaluation (LREC 2000)},
	Fullauthor = {Jakub Zavrel and Walter Daelemans},
	Nomonth = {May, 31st -- June, 2nd},
	Title = {Bootstrapping a Tagged Corpus through Combination of Existing Heterogeneous Taggers},
	Year = {2000}}

@conference{borin00,
	Address = {Athens, Greece},
	Author = {Borin, L.},
	Booktitle = {Proc. 2nd International Conference on Language Resources and Evaluation (LREC 2000)},
	Fullauthor = {Lars Borin},
	Nomonth = {May, 31st -- June, 2nd},
	Title = {Something Borrowed, Something Blue: {Rule}-Based Combination of {POS} Taggers},
	Year = {2000}}

@conference{tufis2000using,
	Address = {Athens, Greece},
	Author = {Tufi{\c{s}}, D.},
	Booktitle = {Proc. 2nd International Conference on Language Resources and Evaluation (LREC 2000)},
	Nomonth = {May, 31st -- June, 2nd},
	Pages = {1105--1112},
	Title = {{Using a large set of EAGLES-compliant morpho-syntactic descriptors as a tagset for probabilistic tagging}},
	Year = {2000}}

@inproceedings{francopoulo2006morpho,
	Address = {Genova, Italy},
	Author = {Francopoulo, G. and Monachini, M. and Declerck, T. and Romary, L.},
	Booktitle = {Proc. LREC 2006},
	Title = {{Morpho-syntactic Profile in the ISO-TC37/SC4 Data Category Registry}},
	Year = {2006}}

@article{kemps2009isocat,
	Author = {Kemps-Snijders, M. and Windhouwer, M. and Wittenburg, P. and Wright, S.E.},
	Journal = {International Journal of Metadata, Semantics and Ontologies},
	Number = {4},
	Pages = {261--276},
	Publisher = {Inderscience},
	Title = {{ISOcat: {Remodelling} metadata for language resources}},
	Volume = {4},
	Year = {2009}}

@article{knublauch2004protege,
	Author = {Knublauch, H. and Fergerson, R.W. and Noy, N.F. and Musen, M.A.},
	Fulltitle = {{The Prot{\'e}g{\'e} OWL plugin: An open development environment for semantic web applications}},
	Journal = {The Semantic Web--ISWC 2004},
	Pages = {229--243},
	Publisher = {Springer},
	Title = {{The Prot{\'e}g{\'e} OWL plugin}},
	Year = {2004}}

@conference{brants2000tnt,
	Author = {Brants, T.},
	Booktitle = {Proc. ANLP 2000},
	Title = {{TnT--a statistical part-of-speech tagger}},
	Year = {2000}}

@article{stuckardt2001design,
	Author = {Stuckardt, R.},
	Journal = {Computational Linguistics},
	Number = {4},
	Pages = {479--506},
	Publisher = {MIT Press},
	Title = {{Design and enhanced evaluation of a robust anaphor resolution algorithm}},
	Volume = {27},
	Year = {2001}}

@techreport{teufel1996eagles,
	Author = {Teufel, S. and St{\"o}ckert, C.},
	Institution = {Universit{\"a}t Stuttgart},
	Title = {{EAGLES specifications for German morphosyntax}},
	Year = {1996}}

@article{anc,
	Author = {Randi Reppen and Nancy Ide},
	Journal = {Journal of English Linguistics},
	Pages = {105--113},
	Title = {The {A}merican {N}ational {C}orpus: Overall Goals and the First Release},
	Volume = 32,
	Year = 2004}

@article{Anderson:91,
	Author = {Anne H. Anderson and Miles Bader and Ellen~G. Bard and Elizabeth Boyle and Gwyneth Doherty and Simon Carrod and Stephen Isard and Jacqlene Kowtko and Jan McAllister and Jim Miller and Catherine Sotillo and Henry Thompson and Regina Weinert},
	Journal = {Language and Speech},
	Pages = {351--366},
	Title = {The {HCRC} {M}ap {T}ask {C}orpus},
	Volume = {34},
	Year = {1991}}

@inproceedings{annotate,
	Address = {Athens, Greece},
	Author = {T. Brants and O. Plaehn},
	Booktitle = {Proc. Second International Conference on Language Resources and Evaluation (LREC-2000)},
	Pages = {453--459},
	Title = {Interactive Corpus Annotation},
	Year = {2000}}

@misc{arnold05,
	Author = {Arnold, Jennifer},
	File = {arnold05-top-foc.html},
	Howpublished = {unpublished manuscript},
	Month = {Oct 18th},
	Publisher = {Stanford University},
	Title = {Marking Salience: The similarity of topic and focus},
	Url = {http://www.unc.edu/~jarnold/papers/top.foc.html (2008/12/01)},
	Year = {2005},
	Bdsk-Url-1 = {http://www.unc.edu/~jarnold/papers/top.foc.html%20(2008/12/01)}}

@techreport{Artstein:05,
	Author = {Ron Artstein and Massimo Poesio},
	Institution = {Department of Computer Science, University of Essex, UK},
	Number = {437},
	Title = {Kappa$^3$ = {A}lpha (or {B}eta)},
	Type = {CSM},
	Year = {2005}}

@inproceedings{atlas02,
	Address = {Las Palmas, Spain},
	Author = {Christophe Laprun and Jonathan G. Fiscus and John Garofolo and Sylvain Pajot},
	Booktitle = {Proc. LREC 2002},
	Title = {A practical introduction to {ATLAS}},
	Year = 2002}

@incollection{atwell-etal94,
	Address = {Las Cruces, NM, USA},
	Author = {Eric Atwell and John Hughes and Clive Souter},
	Booktitle = {{T}he {B}alancing {A}ct: {C}ombining {S}ymbolic and {S}tatistical {A}pproaches to {L}anguage},
	Editor = {J. Klavans and P. Resnik},
	Pages = {21--28},
	Publisher = {{A}ssociation for {C}omputational {L}inguistics},
	Title = {{AMALGAM}: {A}utomatic {M}apping {A}mong {L}exico- {G}rammatical {A}nnotation {M}odels},
	Year = {1994}}

@article{barnard95,
	Author = {David Barnard and Lou Burnard and Jean-Pierre Gaspart and Lynne~A. Price and C.~M. Sperberg-McQueen and Giovanni~Batista Varile},
	Journal = {Text Encoding Initiative: Background and Context. Special Issue of Computers and the Humanities},
	Number = {211--231},
	Title = {Hierarchical Encoding of Text: Technical Problems and {SGML} Solutions},
	Volume = 29,
	Year = 1995}

@inproceedings{baumannetal04,
	Address = {Boston, MA, USA},
	Author = {Stefan Baumann and Caren Brinckmann and Silvia Hansen-Schirra and Geert-Jan Kruijff and Ivana Kruijff-Korbayov {\'a} and Stella Neumann and Elke Teich},
	Booktitle = {Proc. Workshop Frontiers in Corpus Annotation at HLT-NAACL 2004},
	Pages = {39--46},
	Title = {Multi-dimensional annotation of linguistic corpora for investigating information structure},
	Year = 2004}

@article{bird01,
	Author = {Steven Bird and Mark Liberman},
	Journal = {Speech Communication},
	Number = {1-2},
	Pages = {23--60},
	Title = {A formal framework for linguistic annotation},
	Volume = 33,
	Year = 2001}

@incollection{c33:annis,
	Author = {Stefanie Dipper and Michael G\" {o}tze and Manfred Stede and Tillmann Wegst},
	Booktitle = {Interdisciplinary Studies on Information Structure},
	Pages = {245-279},
	Publisher = {Universit{\"a}tsverlag Potsdam},
	Series = {ISIS Working papers of the SFB 632 (1)},
	Standort = {Archiv},
	Title = {{ANNIS}: A linguistic database for exploring information structure},
	Year = {2004}}

@inproceedings{c33:annotate,
	Address = {Athens, Greece},
	Author = {Thorsten Brants and Oliver Plaehn},
	Booktitle = {Proc. Second International Conference on Language Resources and Evaluation (LREC-2000)},
	Pages = {453--459},
	Title = {Interactive corpus annotation.},
	Year = {2000}}

@article{c33:BrantsEtAl04,
	Author = {Sabine Brants and Stefanie Dipper and Peter Eisenberg and Silvia Hansen and Esther K{\"o}nig and Wolfgang Lezius and Christian Rohrer and George Smith and Hans Uszkoreit},
	Journal = {Research on Language and Computation},
	Number = 4,
	Pages = {597--620},
	Title = {{TIGER}: Linguistic Interpretation of a {G}erman Corpus},
	Volume = 2,
	Year = 2004}

@inproceedings{c33:conano,
	Address = {Geneva, Switzerland},
	Author = {Manfred Stede and Silvan Heintze},
	Booktitle = {Proc. 20th International Conference on Computational Linguistics (COLING)},
	Title = {Machine-assisted rhetorical structure annotation},
	Year = {2004}}

@book{c33:Dipper07,
	Booktitle = {Interdisciplinary Studies on Information Structure},
	Editor = {Stefanie Dipper and Michael G {\"o}tze and Stavros Skopeteas},
	Nopublisher = {Universit{\"a}tsverlag Potsdam},
	Series = {ISIS Working papers of the SFB 632 (7)},
	Standort = {Archiv},
	Title = {{Information Structure in Cross-Linguistic Corpora: Annotation Guidelines for Phonology, Morphology, Syntax, Semantics, and Information Structure}},
	Year = {2007}}

@incollection{c33:Grabski00,
	Address = {Berlin},
	Author = {Michael Grabski},
	Booktitle = {ZAS Papers in Linguistics, Vol. 20},
	Editor = {Ewald Lang and M. Rochon and K. Schwabe and O. Teuber},
	Publisher = {Zentrum f\"ur Allgemeine Sprachwissenschaft},
	Title = {Satztopik und {D}iskurstopik in {E}laboration- {K}ontexten},
	Year = {2000}}

@inproceedings{c33:MUC,
	Address = {Cambridge/MA},
	Author = {Massimo Poesio},
	Booktitle = {Proc. SIGDIAL '04 Workshop},
	Title = {The {M} {A} {T} {E}/ {G} {N} {O} {M} {E} proposals for anaphoric annotation, revisited},
	Year = {2004}}

@inproceedings{c33:palinka,
	Address = {Sapporo, Japan},
	Author = {Constantin Orasan},
	Booktitle = {Proc. 4th SIGdial Workshop on Discourse and Dialogue},
	Pages = {39--43},
	Title = {PALinkA: a highly customisable tool for discourse annotation.},
	Year = {2003}}

@inproceedings{c33:paula,
	Author = {Stefanie Dipper},
	Booktitle = {Proc. Berliner XML Tage},
	Editor = {Rainer Eckstein and Robert Tolksdorf},
	Pages = {39-50},
	Standort = {Archiv},
	Title = {X {M} {L}-based Stand-off Representation and Exploitation of Multi-Level Linguistic Annotation},
	Year = {2005}}

@inproceedings{c33:pocos,
	Address = {Prague, Czech Republic},
	Author = {Christian Chiarcos and Olga Krasavina},
	Booktitle = {Proc. Linguistic Annotation Workshop (LAW)},
	Pages = {156--163},
	Title = {{PoCoS} - {P}otsdam {C}oreference {S}cheme},
	Year = {2007}}

@inproceedings{c33:salto,
	Address = {Genoa, Italy},
	Author = {Aljoscha Burchardt and Katrin Erk and Anette Frank and Andrea Kowalski and Sebastian Pado},
	Booktitle = {Proc. LREC 2006},
	Title = {{SALTO}: A versatile multi-level annotation tool},
	Year = 2006}

@misc{c33:schiller-etal99,
	Author = {Anne Schiller and Simone Teufel and Christine St {\"o}ckert and Christine Thielen},
	Note = {Technical report, University of Stuttgart and University of T {\"u}bingen},
	Title = {Guidelines f {\"u}r das {T}agging deutscher {T}extcorpora mit {STTS} (Kleines und gro {\ss}es {T}agset)},
	Year = {1999}}

@incollection{c33:Schmidt04,
	Address = {Wiesbaden},
	Author = {Thomas Schmidt},
	Booktitle = {Automatische Textanalyse. Systeme und Methoden zur Annotation und Analyse nat {\"u}rlichsprachlicher Texte},
	Editor = {A. Mehler and H. Lobin},
	Pages = {203--218},
	Publisher = {Verlag f {\"u}r Sozialwissenschaften},
	Title = {{EXMARaLDA} -- ein {S}ystem zur computergest {\"u}tzten {D}iskurstranskription},
	Year = 2004}

@inproceedings{c33:serengeti,
	Address = {Prague, Czech Republic},
	Author = {Maik St\"uhrenberg and Daniela Goecke and Nils Diewald and Irene Cramer and Alexander Mehler},
	Booktitle = {{P}roceedings of the {L}inguistic {A}nnotation {W}orkshop ( {LAW})},
	Title = {Web-based Annotation of Anaphoric Relations and Lexical Chains},
	Year = {2007}}

@inproceedings{c33:Stede04,
	Address = {Barcelona, Spain},
	Author = {Manfred Stede},
	Booktitle = {Proc. ACL Workshop on Discourse Annotation},
	Pages = {96--102},
	Title = {The {P}otsdam {C}ommentary {C}orpus},
	Year = 2004}

@inproceedings{c33:tigerformat,
	Address = {Saarbr\"ucken, Germany},
	Author = {Esther K\"onig and Wolfgang Lezius},
	Booktitle = {Proc. 18th International Conference on Computational Linguistics ( {COLING} 2000)},
	Pages = {1056-1060},
	Title = {A description language for syntactically annotated corpora},
	Year = {2000}}

@inproceedings{c33:treetagger,
	Address = {Manchester, UK},
	Author = {Helmut Schmid},
	Booktitle = {Proc. International Conference on New Methods in Language Processing},
	Pages = {172--176},
	Title = {Probabilistic Part-of-Speech Tagging Using Decision Trees},
	Year = {1994}}

@article{c33:Wolf-Gibson,
	Author = {Florian Wolf and Edward Gibson},
	Journal = {Computational Linguistics},
	Pages = {249--287},
	Title = {Representing discourse coherence: A corpus-based ana\-ly\-sis},
	Volume = 31,
	Year = {2005}}

@article{Carletta:96,
	Author = {Jean Carletta},
	Journal = {Computational Linguistics},
	Number = {2},
	Pages = {249--254},
	Title = {Assessing {A}greement on {C}lassification {T}asks: {T}he {K}appa {S}tatistic},
	Volume = {22},
	Year = {1996}}

@inproceedings{cassidy:02,
	Address = {Las Palmas, Spain},
	Author = {Steve Cassidy},
	Booktitle = {Proc. LREC 2002},
	Month = {May},
	Pages = {807--814},
	Title = {{XQuery} as an Annotation Query Language: a Use Case Analysis},
	Year = {2002}}

@inproceedings{cassidy:03,
	Address = {Montreal, Canada},
	Author = {Steve Cassidy},
	Booktitle = {Proc. Extreme Markup Languages 2003},
	Month = {August},
	Title = {Generalising {XPath} for Directed Graphs},
	Year = {2003}}

@article{chiarcos-toappear,
	Author = {Christian Chiarcos},
	Journal = {GLDV-Journal for Computational Linguistics and Language Technology},
	Title = {An ontology of linguistic annotations},
	Year = {to appear}}

@inproceedings{chiarcos06,
	Author = {Christian Chiarcos},
	Booktitle = {Proc. of the Int. Conference `Corpus Linguistics 2006', St.~Petersburg},
	Pages = {373--380},
	Publisher = {St.~Petersburg University Press},
	Title = {An Ontology for Heterogeneous Data Collections},
	Year = {2006}}

@article{Cohen:60,
	Author = {Jacob Cohen},
	Journal = {Educational and Psychological Measurement},
	Pages = {37--46},
	Title = {A coefficient of agreement for nominal scales},
	Volume = {20},
	Year = {1960}}

@inproceedings{dipper04,
	Address = {Lisbon, Portugal},
	Author = {Stefanie Dipper and Lukas Faulstich and Ulf Leser and Anke L\"udeling},
	Booktitle = {Workshop on {XML}-based richly annotated corpora},
	Citeulike-Article-Id = {790004},
	Keywords = {bibtex-import, test},
	Month = {May},
	Pages = {21-29},
	Pdf = {DDD/dipper\_etal\_XBRAC04.pdf},
	Title = {Challenges in Modelling a Richly Annotated Diachronic Corpus of German},
	Url = {http://www.informatik.hu-berlin.de/Forschung\_Lehre/wbi/publications/2004/xbrac04\_final.pdf},
	Year = {2004},
	Bdsk-Url-1 = {http://www.informatik.hu-berlin.de/Forschung%5C_Lehre/wbi/publications/2004/xbrac04%5C_final.pdf}}

@inproceedings{dipper07,
	Address = {T {\"u}bingen, Germany},
	Author = {Stefanie Dipper and Michael G {\"o}tze and Uwe K {\"u}ssner and Manfred Stede},
	Booktitle = {Proc. GLDV-Fr {\"u}hjahrstagung},
	Title = {Representing and Querying Standoff XML},
	Year = {2007}}

@book{Dipper:07,
	Address = {Potsdam, Germany},
	Editor = {Stefanie Dipper and Michael G\"otze and Stavros Skopeteas},
	Nopublisher = {Universit\"atsverlag Potsdam},
	Series = {Interdisciplinary Studies on Information Structure (ISIS)},
	Title = {Information Structure in Cross-Linguistic Corpora: Annotation Guidelines for Phonology, Morphology, Syntax, Semantics, and Information Structure},
	Volume = {7},
	Year = {2007}}

@article{Eckert:01,
	Author = {Miriam Eckert and Michael Strube},
	Journal = {Journal of Semantics},
	Number = {1},
	Pages = {51--89},
	Title = {{Dialogue Acts, Synchronising Units and Anaphora Resolution}},
	Volume = {17},
	Year = {2001}}

@article{EDI-INF-RR-0702,
	Author = {Jean Carletta and Stefan Evert and Ulrich Heid and Jonathan Kilgour},
	Journal = {Language Resources and Evaluation Journal (LREJ)},
	Nopublisher = {Springer},
	Number = 4,
	Pages = {313--334},
	Title = {The {NITE XML} {T}oolkit: data model and query},
	Volume = 39,
	Year = 2005}

@phdthesis{eegOlofsson91,
	Author = {Mats Eeg-Olofsson},
	School = {Department of Linguistics and Phonetics, University of Lund, Sweden},
	Title = {Word-class tagging: {S}ome computational tools},
	Year = {1991}}

@inproceedings{ext_xpath:05,
	Address = {Long Beach, California},
	Author = {Steven Bird and Yi Chen and Susan Davidson and Haejoong Lee and Yifeng Zheng},
	Booktitle = {Proc. Programming Language Technologies for XML (PLANX)},
	Month = {January},
	Pages = {35--46},
	Title = {Extending {XPath} to Support Linguistic Queries},
	Year = {2005}}

@article{farrar2003linguistic,
	Author = {S. Farrar and D.~T. Langendoen},
	Journal = {GLOT International},
	Pages = {97--100},
	Title = {{A Linguistic Ontology for the Semantic Web}},
	Volume = {7},
	Year = {2003}}

@techreport{faulstich05,
	Author = {Lukas~C. Faulstich and Ulf Leser and Anke {L\"udeling}},
	Institution = {Institut f\"ur Informatik der Humboldt-Universit\"at zu Berlin},
	Month = {January},
	Number = {176},
	Title = {{Storing and Querying Historical Texts in a Database}},
	Year = {2005}}

@inproceedings{faulstich06,
	Address = {M\"unchen, Germany},
	Author = {Lukas Faulstich and Ulf Leser and Thorsten Vitt},
	Booktitle = {Proc. International Workshop on Query Languages and Query Processing},
	Pages = {601--612},
	Title = {Implementing a Linguistic Query Language for Historic Texts},
	Year = {2006}}

@inproceedings{gate02,
	Address = {Philadelphia, PA, USA},
	Author = {Hamish Cunningham and Diana Maynard and Kalina Bontcheva and Valentin Tablan},
	Booktitle = {Proc. 40th Anniversary Meeting of the Association for Computational Linguistics},
	Pages = {168--175},
	Title = {{GATE: A framework and graphical development environment for robust NLP tools and applications}},
	Year = 2002}

@inproceedings{georgiadis07,
	Address = {New York, NY, USA},
	Author = {Haris Georgiadis and Vasilis Vassalos},
	Booktitle = {{SIGMOD '07: Proc. 2007 ACM SIGMOD International Conference on Management of Data}},
	Isbn = {978-1-59593-686-8},
	Location = {Beijing, China},
	Pages = {317--328},
	Publisher = {ACM},
	Title = {{XPath} on steroids: exploiting relational engines for {XPath} performance},
	Year = {2007}}

@inproceedings{goetze05,
	Author = {Michael G\"otze and Stavros Skopeteas and Torsten Roloff and Ruben Stoel},
	Booktitle = {TbiLLC},
	Date = {2007-10-02},
	Description = {dblp},
	Editor = {Balder ten Cate and Henk Zeevat},
	Ee = {http://dx.doi.org/10.1007/978-3-540-75144-1_10},
	Isbn = {978-3-540-75143-4},
	Keywords = {dblp},
	Pages = {127--138},
	Publisher = {Springer},
	Series = {Lecture Notes in Computer Science},
	Title = {Towards a Cross-Linguistic Production Data Archive: Structure and Exploration},
	Url = {http://dblp.uni-trier.de/db/conf/tbillc/tbillc2005.html#GotzeSRS05},
	Volume = {4363},
	Year = {2005},
	Bdsk-Url-1 = {http://dblp.uni-trier.de/db/conf/tbillc/tbillc2005.html#GotzeSRS05}}

@inproceedings{gomez-perez-etal03,
	Address = {Washington, DC, USA},
	Author = {Guadalupe Aguado~de~Cea and Asunci\' {o}n G\' {o}mez-P\' {e}rez and Inmaculada \' {A}lvarez~de~Mon and Antonio Pareja-Lora},
	Booktitle = {ITCC '04: Proc. International Conference on Information Technology: Coding and Computing (ITCC'04) Volume 2},
	Isbn = {0-7695-2108-8},
	Pages = {124--128},
	Publisher = {IEEE Computer Society},
	Title = {OntoTag's Linguistic Ontologies: Improving Semantic Web Annotations for a Better Language Understanding in Machines},
	Year = {2004}}

@inproceedings{ide-suderman07-graf,
	Address = {Prague, Czech Republic},
	Author = {Nancy Ide and Keith Suderman},
	Booktitle = {Proc. Linguistic Annotation Workshop (LAW 2007)},
	Pages = {1--8},
	Title = {{GrAF}: {A} Graph-based Format for Linguistic Annotations},
	Year = 2007}

@manual{greenbaum92,
	Author = {Sidney Greenbaum},
	Organization = {University College London},
	Title = {The {ICE} tagset manual},
	Year = {1992}}

@manual{greene-rubin81,
	Address = {Providence, RI, USA},
	Author = {Barbara~B. Greene and Gerald~M. Rubin},
	Organization = {Department of Linguistics, Brown University},
	Title = {Automatic grammatical tagging of English},
	Year = {1981}}

@techreport{Guidelines,
	Author = {Stefanie Dipper and Michael G {\"o}tze and Stavros Skopeteas and (eds.)},
	Institution = {University of Potsdam},
	Title = {{Information Structure in Cross-Linguistic Corpora: Annotation Guidelines for Phonology, Morphology, Syntax, Semantics, and Information Structure}},
	Year = {2007}}

@article{Gundel:93,
	Author = {Jeanette~K. Gundel and Nancy Hedberg and Ron Zacharski},
	Journal = {Language},
	Number = {2},
	Pages = {279--307},
	Title = {Cognitive status and the form of referring expressions in discourse},
	Volume = {69},
	Year = {1993}}

@techreport{Hajicova:00,
	Address = {Prague, Czech Republic},
	Author = {Eva Haji\u{c}ov{\'a} and Jarmila Panevov{\'a} and Petr Sgall and Alena B{\"o}hmov{\'a} and Mark{\'e}ta Ceplov{\'a} and Veronika \u{R}ezn{\'\i}\u{c}kov{\'a}},
	Institution = {{\'U}FAL/CKL},
	Number = {2000-09},
	Title = {A {M}anual for {T}ectogrammatical {T}agging of the {P}rague {D}ependency {T}reebank},
	Type = {TR},
	Year = {2000}}

@inproceedings{Hedberg:07,
	Address = {Lagos, Portugal},
	Author = {Nancy Hedberg and Jeanette~K. Gundel and Ron Zacharski},
	Booktitle = {Proc. DAARC 2007 (the Sixth Discourse Anaphora and Anaphora Resolution Colloquium)},
	Pages = {31--36},
	Title = {{Directly and Indirectly Anaphoric Demonstrative and Personal Pronouns in Newspaper Articles}},
	Year = {2007}}

@inproceedings{Hempelmann:05,
	Address = {Stresa, Italy},
	Author = {Christian~F. Hempelmann and David Dufty and Philip~M. McCarthy and Arthur~C. Graesser and Zhiqiang Cai and Danielle~S. McNamara},
	Booktitle = {Proc. 27th Annual Meetings of the Cognitive Science Society},
	Editor = {B. Bara},
	Pages = {941--949},
	Publisher = {Mahwah, NJ: Erlbaum},
	Title = {Using {LSA} to automatically identify givenness and newness of noun-phrases in written discourse},
	Year = {2005}}

@inproceedings{ide03,
	Address = {Edmonton, Canada},
	Author = {Nancy Ide and Laurent Romary and Eric de~la~Clergerie},
	Booktitle = {Proc. HLT-NAACL'03 Workshop on the Software Engineering and Architecture of Language Technology},
	Pages = {25--30},
	Title = {International {S}tandard for a {L}inguistic {A}nnotation {F}ramework},
	Year = 2003}

@inproceedings{ide04,
	Address = {Lisbon, Portugal},
	Author = {Nancy Ide and Laurent Romary},
	Booktitle = {Proc. Fourth International Language Resources and Evaluation Conference (LREC)},
	Pages = {135--139},
	Title = {A Registry of Standard Data Categories for Linguistic Annotation},
	Year = 2004}

@article{kaiser06,
	Author = {Kaiser, Elsi},
	File = {Kaiser06-effects of topic-and focus on salience-zaspil.pdf},
	Journal = {ZAS Papers in Linguistics (ZASPIL)},
	Note = {(= Christian Ebert and Cornelia Endriss (eds.), Proc. Sinn und Bedeutung 10)},
	Number = {6},
	Title = {Effects of Topic and Focus on Salience},
	Volume = {44},
	Wwwinternal_Url = {http://www.zas.gwz-berlin.de/index.html?publications\_zaspil},
	Year = {2006}}

@manual{Komagata:01,
	Author = {Nobo Komagata},
	Note = {Manuscript},
	Organization = {Department of Computer and Information Science, University of Pennsylvania},
	Title = {An {E}valuation {M}ethod for {I}dentifying {I}nformation {S}tructure},
	Year = {2001}}

@book{Krippendorff:80,
	Author = {Klaus Krippendorff},
	Publisher = {Beverly Hills: Sage},
	Title = {Content ana\-ly\-sis. {A}n introduction to its methodology},
	Year = {1980}}

@incollection{luedeling:08,
	Address = {T\"ubingen},
	Author = {Anke L\"udeling},
	Booktitle = {Fortgeschrittene Lernervariet\"aten},
	Editor = {Maik Walter and Patrick Grommes},
	Pages = {119--140},
	Publisher = {Niemeyer},
	Title = {Mehrdeutigkeiten und Kategorisierung. Probleme bei der Annotation von Lerner\-korpora},
	Year = 2008}

@techreport{mate,
	Author = {Laila Dybkj {\ae}r and Niels~Ole Bernsen and Hans Dybkj {\ae}r and David McKelvie and Andreas Mengel},
	Institution = {{U}niversity of {S}outhern {D}enmark},
	School = {{N}atural {I}nteractive {S}ystems {L}aboratory},
	Title = {The {MATE} Markup Framework. {MATE} {D}eliverable {D}1.2},
	Year = {1998}}

@inproceedings{merge05,
	Address = {Ann Arbor, MI, USA},
	Author = {James Pustejovsky and Adam Meyers and Martha Palmer and Massimo Poesio},
	Booktitle = {Proc. ACL Workshop on Frontiers in Corpus Annotation 2005},
	Note = {http://nlp.cs.nyu.edu/meyers/frontiers/2005.html},
	Title = {Merging {PropBank}, {NomBank}, {TimeBank}, {Penn Discourse Treebank} and {Coreference}},
	Year = {2005}}

@incollection{MMAX2,
	Address = {Frankfurt, Germany},
	Author = {Christoph M\"uller and Michael Strube},
	Booktitle = {Corpus Technology and Language Pedagogy: New Resources, New Tools, New Methods},
	Editor = {Sabine Braun and Kurt Kohn and Joybrato Mukherjee},
	Publisher = {Peter Lang},
	Title = {Multi-level annotation of linguistic data with MMAX2},
	Year = {2006}}

@incollection{moisl:toapp,
	Address = {Berlin, Germany},
	Author = {Hermann Moisl},
	Booktitle = {Corpus Linguistics. An International Handbook},
	Editor = {Anke L\"udeling and Merja Kyt\"o},
	Publisher = {Mouton de Gruyter},
	Title = {Exploratory multivariate ana\-ly\-sis},
	Year = {to appear}}

@incollection{mueller-strube06,
	Address = {Frankfurt a.M., Germany},
	Author = {M{\"u}ller, Christoph and Strube, Michael},
	Booktitle = {Corpus Technology and Language Pedagogy: New Resources, New Tools, New Methods},
	Editor = {Braun, Sabine and Kohn, Kurt and Mukherjee, Joybrato},
	Publisher = {Peter Lang},
	Title = {Multi-level annotation of linguistic data with MMAX2},
	Year = {2006}}

@inproceedings{navaretta02,
	Address = {Lisbon},
	Author = {Navaretta, Costanza},
	Booktitle = {Proc. DAARC 2002 - 4h Discourse Anaphora and Anaphora Resolution Colloquium},
	Editor = {Branco, Antonio and McEnery, Tony and Mitkov, Ruslan},
	Month = {September 18-29},
	Pages = {135-140},
	Publisher = {Edi{\c c}oes Colibri},
	Title = {Combining information structure and centering-based models of salience for resolving intersentential pronominal anaphora},
	Year = {2002}}

@inproceedings{Navarretta:04,
	Address = {Barcelona, Spain},
	Author = {Costanza Navarretta},
	Booktitle = {Proc. Workshop on Reference Resolution and its Applications: ACL 2004},
	Pages = {95--102},
	Publisher = {Association for Computational Linguistics},
	Title = {An Algorithm for Resolving Individual and Abstract Anaphora in Danish Texts and Dialogues},
	Year = {2004}}

@inproceedings{Nenkova:05,
	Address = {Vancouver, British Columbia, Canada},
	Author = {Nenkova, Ani and Siddharthan, Advaith and McKeown, Kathleen},
	Booktitle = {Proc. Human Language Technology Conference and Conference on Empirical Methods in Natural Language Processing},
	Pages = {241--248},
	Publisher = {Association for Computational Linguistics},
	Title = {Automatically Learning Cognitive Status for Multi-Document Summarization of Newswire},
	Url = {http://www.aclweb.org/anthology/H/H05/H05-1031},
	Year = {2005},
	Bdsk-Url-1 = {http://www.aclweb.org/anthology/H/H05/H05-1031}}

@inproceedings{Nissim:04,
	Address = {Lisbon, Portugal},
	Author = {Malvina Nissim and Shipra Dingare and Jean Carletta and Mark Steedman},
	Booktitle = {Proc. 4th Language Resources and Evaluation Conference (LREC 2004)},
	Pages = {1023--1026},
	Title = {An {A}nnotation {S}cheme for {I}nformation {S}tatus in {D}ialogue},
	Year = {2004}}

@inproceedings{Nissim:06,
	Address = {Sydney, Australia},
	Author = {Malvina Nissim},
	Booktitle = {Proc. 2006 Conference on Emprical Methods in Natural Language Processing (EMNLP 2006)},
	Pages = {94--102},
	Title = {Learning {I}nformation {S}tatus of {D}iscourse {E}ntities},
	Year = {2006}}

@inproceedings{nite03,
	Address = {Budapest, Hungary},
	Author = {Jean Carletta and Jonathan Kilgour and Timothy O'Donnell and Stefan Evert and Holger Voormann},
	Booktitle = {Proc. EACL Workshop on Language Technology and the Semantic Web (3rd Workshop on NLP and XML, NLPXML-2003)},
	Month = {April},
	Title = {The NITE Object Model Library for Handling Structured Linguistic Annotation on Multimodal Data Sets},
	Year = 2003}

@article{nxt03,
	Author = {Jean Carletta and Stefan Evert and Ulrich Heid and Jonathan Kilgour and Judy Robertson and Holger Voormann},
	Journal = {Behavior Research Methods, Instruments, and Computers},
	Number = {3},
	Pages = {353--363},
	Title = {{The NITE XML Toolkit: flexible annotation for multi-modal language data}},
	Volume = {35},
	Year = {2003}}

@inproceedings{Paggio:06,
	Address = {Genova, Italy},
	Author = {Patrizia Paggio},
	Booktitle = {Proc. 5th International Conference on Language Resources and Evaluation (LREC 2006)},
	Pages = {1606-1609},
	Title = {Annotating {I}nformation {S}tructure in a {C}orpus of {S}poken {D}anish},
	Year = {2006}}

@inproceedings{palinka,
	Address = {Sapporo, Japan},
	Author = {C. Orasan},
	Booktitle = {Proc. 4th SIGdial Workshop on Discourse and Dialogue},
	Pages = {39--43},
	Title = {PALinkA: a highly customisable tool for discourse annotation},
	Year = {2003}}

@article{pearson,
	Author = {K. Pearson},
	Journal = {Philosophical Magazine, 50(Series 5)},
	Title = {{On the criterion that a given system of deviations from the probable in the case of a correlated system of variables is such that it can be reasonably supposed to have arisen from random sampling}},
	Year = {1900}}

@article{PennTreebank93,
	Author = {Mitchell Marcus and Beatrice Santorini and Mary~Ann Marcinkiewicz},
	Journal = {Computational Linguistics},
	Number = {2},
	Pages = {313--330},
	Title = {Building a large annotated corpus of {E}nglish: the {P}enn {T}reebank},
	Volume = 19,
	Year = 1993}

@article{Poesio:98,
	Author = {Massimo Poesio and Renata Vieira},
	Journal = {Computational Linguistics},
	Number = {2},
	Pages = {183--216},
	Title = {A {C}orpus-based {I}nvestigation of {D}efinite {D}escription {U}se},
	Volume = {24},
	Year = {1998}}

@article{Polanyi:03,
	Author = {Livia Polanyi and Martin van den Berg and David Ahn},
	Journal = {Journal of Logic, Language and Information},
	Number = {3},
	Pages = {337--350},
	Publisher = {Kluwer Academic Publishers, Hingham, MA, USA},
	Title = {Discourse {S}tructure and {S}entential {I}nformation {S}tructure. {A}n {I}nitial {P}roposal},
	Volume = {12},
	Year = {2003}}

@inproceedings{Postolache:05,
	Address = {Vancouver, Canada},
	Author = {Oana Postolache and Ivana Kruijff-Korbayov {\'a} and Geert-Jan Kruijff},
	Booktitle = {Proc. HLT/EMNLP},
	Pages = {9--16},
	Title = {Data-driven {A}pproaches for {I}nformation {S}tructure {I}dentification},
	Year = {2005}}

@article{Prince:81,
	Author = {Ellen~F. Prince},
	Editor = {Peter Cole},
	Journal = {Radical Pragmatics},
	Pages = {223--55},
	Publisher = {New York: Academic Press},
	Title = {Toward a {T}axonomy of {G}iven- {N}ew {I}nformation},
	Year = {1981}}

@inproceedings{ramshaw95,
	Address = {Cambridge, MA, USA},
	Author = {L.~A. Ramshaw and M.~P. Marcus},
	Booktitle = {Proc. Third ACL Workshop on Very Large Corpora},
	Pages = {82--94},
	Title = {Text Chunking using Transformation-based Learning},
	Year = {1995}}

@nproceedings{reitter03,
	Address = {Budapest, Hungary},
	Author = {David Reitter and Manfred Stede},
	Booktitle = {{Proc. of the 4th International Workshop on Linguistically Interpreted Corpora (LINC-03)}},
	Pages = {77-84},
	Title = {Step by step: underspecified markup in incremental rhetorical ana\-ly\-sis},
	Year = {2003}}

@manual{Riester:08a,
	Author = {Arndt Riester and Lorena Killmann and David Lorenz and Melanie Portz},
	Note = {Manuscript},
	Organization = {University of Stuttgart, Germany},
	Title = {Richtlinien zur {A}nnotation von {G}egebenheit und {K}ontrast in {P}rojekt {A}1 {SFB} 732 (draft version as of March 2008)},
	Year = {2008}}

@inproceedings{Riester:08b,
	Address = {Oslo},
	Author = {Arndt Riester},
	Booktitle = {Proc. Sinn und Bedeutung 12},
	Editor = {A. Gronn},
	Title = {A Semantic Explication of \emph {Information Status} and the Underspecification of the Recipients' Knowledge},
	Year = 2008}

@inproceedings{rsttool,
	Address = {Mitzpe Ramon, Israel},
	Author = {Michael O'Donnell},
	Booktitle = {Proc. International Natural Language Generation Conference (INLG'2000)},
	Pages = {253--256},
	Title = {RSTTool 2.4 -- A Markup Tool for {Rhetorical Structure Theory}},
	Year = 2000}

@inproceedings{Salmon-Alt:02,
	Address = {Las Palmas, Canary Islands, Spain},
	Author = {Susanne Salmon-Alt and Renata Vieira},
	Booktitle = {Proc. 3rd International Conference on Language Resources and Evaluation (LREC 2002)},
	Pages = {1627--1634},
	Title = {Nominal {E}xpressions in {M}ultilingual {C}orpora},
	Year = {2002}}

@inproceedings{salsa,
	Address = {Lisbon, Portugal},
	Author = {Katrin Erk and Sebastian Pado},
	Booktitle = {Proc. Fourth International Conference on Language Resources and Evaluation (LREC)},
	Title = {A powerful and versatile {XML} format for representing role-semantic annotation},
	Year = 2004}

@book{sampson95,
	Address = {Oxford},
	Author = {Geoffrey Sampson},
	Publisher = {Clarendon},
	Title = {{ {English for the {C}omputer. {T}he {SUSANNE} {C}orpus and {A}nalytic {S}cheme}}},
	Year = {1995}}

@manual{santorini90,
	Author = {Beatrice Santorini},
	Organization = {Department of Computer and Information Science, University of Pennsylvania},
	Title = {Part-of-speech tagging guidelines for the {P}enn {T}reebank {P}roject},
	Year = {1990}}

@techreport{schiller-etal99,
	Author = {Anne Schiller and Simone Teufel and Christine St {\"o}ckert and Christine Thielen},
	Institution = {University of Stuttgart and University of T {\"u}bingen},
	Title = {{Guidelines f {\"u}r das {T}agging deutscher {T}extcorpora mit {STTS} (Kleines und gro {\ss}es {T}agset)} http://www.ims.uni-stuttgart.de/projekte/corplex/TagSets/stts-1999.pdf},
	Year = {1999}}

@incollection{schmidt04,
	Address = {Wiesbaden, Germany},
	Author = {Thomas Schmidt},
	Booktitle = {Automatische Textanalyse. Systeme und Methoden zur Annotation und Analyse nat {\"u}rlichsprachlicher Texte},
	Editor = {A. Mehler and H. Lobin},
	Pages = {203--218},
	Publisher = {Verlag f {\"u}r Sozialwissenschaften},
	Title = {{EXMARaLDA} -- ein {S}ystem zur computergest {\"u}tzten {D}iskurstranskription},
	Year = 2004}

@incollection{schmidt05,
	Author = {Thomas Schmidt},
	Booktitle = {Heterogeneity in Focus: Creating and Using Linguistic Databases},
	Editor = {Stefanie Dipper and Michael G\"otze and Manfred Stede},
	Publisher = {Universit\"atsverlag Potsdam},
	Series = {ISIS (Interdisciplinary Studies on Information Structure), Working Papers of the SFB 632},
	Title = {EXMARaLDA und die {D}atenbank `` {M}ehrsprachigkeit'' --- {K}onzepte und praktische {E}rfahrungen},
	Year = 2005}

@inproceedings{Schmidt2004a,
	Address = {Lisbon},
	Author = {T. Schmidt},
	Booktitle = {Proc. LREC 2004 Workshop on XML based richly annotated corpora},
	Title = {Transcribing and annotating spoken language with {EXMARaLDA}},
	Year = {2004}}

@incollection{Schmidt:04,
	Author = {Thomas Schmidt},
	Booktitle = {Automatische {T}extanalyse - {S}ysteme und {M}ethoden zur {A}nnotation und {A}nalyse nat {\"u}rlichsprachlicher {T}exte},
	Editor = {Alexander Mehler and Henning Lobin},
	Pages = {203-218},
	Publisher = {Wiesbaden: VS Verlag f {\"u}r Sozialwissenschaften, Germany},
	Title = {{EXMARaLDA} - ein {S}ystem zur computergest {\"u}tzten {D}iskurstranskription},
	Year = {2004}}

@book{sgall-etal86,
	Address = {Dordrecht},
	Author = {Sgall, Petr and Haji\' {c}ov{\'a}, Eva and Panevova, Jarmila},
	Publisher = {Reidel},
	Title = {The Meaning of the Sentence in its Semantic and Pragmatic Aspects},
	Url_Internal = {http://books.google.de/books?id=5c4dpxOzIfcC&pg=PA56&vq=referential&hl=en&source=gbs_search_r&cad=1_1#PPA61,M1},
	Year = {1986}}

@book{Sgall:86,
	Author = {Petr Sgall and Eva Haji\u {c}ov {\'a} and Jarmila Panevov {\'a}},
	Publisher = {Reidel, Dordrecht},
	Title = {The Meaning of the Sentence in Its Semantic and Pragmatic Aspects},
	Year = {1986}}

@article{Skopeteas:06,
	Address = {Potsdam, Germany},
	Author = {Stavros Skopeteas and Ines Fiedler and Sam Hellmuth and Anne Schwarz and Ruben Stoel and Gisbert Fanselow and Manfred Krifka},
	Journal = {Interdisciplinary Studies on Information Structure (ISIS),},
	Noinstitution = {Universit{\"a}tsverlag Potsdam},
	Title = {Questionnaire on {I}nformation {S}tructure: {R}eference Manual},
	Volume = {4},
	Year = {2006}}

@techreport{souter89,
	Author = {Clive Souter},
	Institution = {ICAME, Norwegian Computing Centre for the Humanities, Bergen University, Norway},
	Title = {A {S}hort {H}andbook to the {P}olytechnic of {W}ales {C}orpus},
	Year = {1989}}

@incollection{Spenader:03,
	Author = {Jennifer Spenader},
	Booktitle = {Perspectives on Dialogue in the New Millennium},
	Editor = {Peter Kuehnlein and Hannes Rieser and Henk Zeevat},
	Pages = {79--110},
	Publisher = {John Benjamins},
	Title = {Between binding and accomodation},
	Year = {2003}}

@incollection{krahmer-theune02,
	Author = {Krahmer, Emiel and Theune, Mari\"et},
	Booktitle = {\cite{deemter-kibble02}},
	File = {krahmer-theune02-generating-refexps-in-context.pdf},
	Pages = {223--264},
	Title = {Efficient contextsensitive generation of referring expressions},
	Year = {2002}}

@misc{Hovyetal:06,
	Address = {Philadelphia},
	Author = {R. Weischedel, S. Pradhan, L. Ramshaw and L. Micciulla},
	Organization = {Linguistic Data Consortium},
	Title = {OntoNotes Release 1.0},
	Year = {2006}}

@inproceedings{prasad08,
	Address = {Marrakech, Morocco},
	Author = {Prasad, Rashmi and Dinesh, Nikhil and Lee, Alan and Miltsakaki, Eleni and Robaldo, Livio and Joshi, Aravind and Webber, Bonnie},
	Booktitle = {Proc. 6th International Conference on Language Resources and Evaluation (LREC 2008)},
	Title = {The Penn Discourse Treebank 2.0},
	Year = {2008}}

@book{deemter-kibble02,
	Annote = {quoted from http://citeseer.ist.psu.edu/436628.html},
	Editor = {van Deemter, Kees and Kibble, Rodger},
	Publisher = {CSLI Publications},
	Title = {Information Sharing: Reference and Presupposition in Language Generation and Interpretation},
	Year = {2002}}

@article{gernsbacher-hargreaves88,
	Annote = {quoted from downing95},
	Author = {Gernsbacher, Morton Ann and Hargreaves, David J.},
	Journal = {Journal of Memory and Language},
	Pages = {699-717},
	Title = {Accessing sentence participants: the advantage of first mention},
	Volume = {27},
	Year = {1988}}

@book{gernsbacher90,
	Address = {Hillsdale/NJ},
	Author = {Gernsbacher, Morton Ann},
	Publisher = {Erlbaum},
	Title = {Language Comprehension as Structure Building},
	Year = {1990}}

@inproceedings{stede04,
	Address = {Barcelona, Spain},
	Author = {Manfred Stede},
	Booktitle = {Proc. ACL Workshop on Discourse Annotation},
	Pages = {96--102},
	Title = {The {P}otsdam {C}ommentary {C}orpus},
	Year = 2004}

@inproceedings{Stede:04,
	Address = {Barcelona, Spain},
	Author = {Manfred Stede},
	Booktitle = {Association for Computational Linguistics (ACL) 2004 Workshop on Discourse Annotation},
	Editor = {Bonnie Webber and Donna~K. Byron},
	Pages = {96--102},
	Title = {The {P}otsdam {C}ommentary {C}orpus},
	Year = {2004}}

@article{strube-hahn99,
	Author = {Strube, Michael and Hahn, Udo},
	Bibsource = {DBLP, http://dblp.uni-trier.de},
	File = {strube-hahn99-functional-centering.pdf},
	Internal_Url = {http://acl.ldc.upenn.edu/J/J99/},
	Journal = {Computational Linguistics},
	Number = {3},
	Pages = {309-344},
	Title = {{Functional Centering} - Grounding Referential Coherence in Information Structure.},
	Volume = {25},
	Year = {1999}}

@inproceedings{Strube:98,
	Address = {Montr {\'e}al, Qu {\'e}bec, Canada},
	Author = {Michael Strube},
	Booktitle = {Proc. {COLING}- {ACL} '98},
	Pages = {1251--1257},
	Title = {Never {L}ook {B}ack: {A}n {A}lternative to {C}entering},
	Year = {1998}}

@techreport{stts,
	Author = {Anne Schiller and Simone Teufel and Christine St\"ockert and Christine Thielen},
	Institution = {Universities of Stuttgart and T\"ubingen},
	Title = {Guidelines f\"ur das Tagging deutscher Textcorpora mit STTS (Kleines und gro {\ss}es Tagset)},
	Year = {1999}}

@misc{taylor:03,
	Address = {Department of Computer Science and Software Engineering, University of Melbourne},
	Author = {Claire~Louise Taylor},
	Note = {Honours thesis},
	School = {Department of Computer Science and Software Engineering, University of Melbourne},
	Title = {{XSLT} as a {L}inguistic {Q}uery {L}anguage},
	Year = {2003}}

@book{tei94,
	Address = {Chicago, Oxford},
	Editor = {C.~M. Sperberg-McQueen and Lou Bernard},
	Publisher = {Text Encoding Initiative},
	Title = {Guidelines for {E}lectronic {T}ext {E}ncoding and {I}nterchange (TEI P3)},
	Year = 1994}

@article{tiger,
	Author = {Sabine Brants and Stefanie Dipper and Peter Eisenberg and Silvia Hansen and Esther K {\"o}nig and Wolfgang Lezius and Christian Rohrer and George Smith and Hans Uszkoreit},
	Journal = {Research on Language and Computation},
	Number = 4,
	Pages = {597--620},
	Title = {{TIGER}: Linguistic Interpretation of a {G}erman Corpus},
	Volume = 2,
	Year = 2004}

@techreport{tiger-guidelines,
	Author = {Stefanie Albert and Jan Anderssen and Regine Bader and Stefanie Becker and Tobias Bracht and Sabine Brants and Thorsten Brants and Vera Demberg and Stefanie Dipper and Peter Eisenberg and Silvia Hansen and Hagen Hirschmann and Juliane Janitzek and Carolin Kirstein and Robert Langner and Lukas Michelbacher and Oliver Plaehn and Cordula Preis and Marcus Pu {\ss}el and Marco Rower and Bettina Schrader and Anne Schwartz and George Smith and Hans Uszkoreit},
	Institution = {Universities of Saarbr\"ucken, Stuttgart, and Potsdam},
	Title = {{TIGER} {A}nnotationsschema},
	Year = {2003}}

@inproceedings{tigeralt,
	Address = {Leuven, Belgium},
	Author = {Stefanie Dipper and Thorsten Brants and Wolfgang Lezius and Oliver Plaehn and George Smith},
	Booktitle = {Third Workshop on Linguistically Interpreted Corpora LINC-2001},
	Title = {The TIGER Treebank},
	Year = {2001}}

@techreport{tigerscheme,
	Author = {S. Albert and J. Anderssen and R. Bader and S. Becker and T. Bracht and S. Brants and T. Brants and V. Demberg and S. Dipper and P. Eisenberg and S. Hansen and H. Hirschmann and J. Janitzek and C. Kirstein and R. Langner and L. Michelbacher and O. Plaehn and C. Preis and M. Pussel and M. Rower and B. Schrader and A. Schwartz and G. Smith and H. Uszkoreit},
	Institution = {Universities of Saarbr\"ucken, Stuttgart, and Potsdam},
	Title = {{TIGER} {A}nnotationsschema},
	Year = {2003}}

@inproceedings{tigerxml00,
	Address = {Saarbr\"ucken, Germany},
	Author = {Esther K\"onig and Wolfgang Lezius},
	Booktitle = {Proc. 18th International Conference on Computational Linguistics ( {COLING} 2000)},
	Pages = {1056--1060},
	Title = {A description language for syntactically annotated corpora},
	Year = {2000}}

@inproceedings{tomanek07,
	Address = {Prague, Czech Republic},
	Author = {Katrin Tomanek and Joachim Wermter and Udo Hahn},
	Booktitle = {Proc. Linguistic Annotation Workshop (LAW)},
	Pages = {317--328},
	Title = {Efficient Annotation with the Jena ANnotation Environment (JANE)},
	Year = {2007}}

@inproceedings{urml,
	Address = {Budapest, Hungary},
	Author = {David Reitter and Manfred Stede},
	Booktitle = {Proc. 4th International Workshop on Linguistically Interpreted Corpora (LINC-03), Proc. EACL 2003},
	Title = {Step by step: underspecified markup in incremental rhetorical ana\-ly\-sis},
	Year = {2003}}

@inproceedings{Vesela:04,
	Address = {Lisbon, Portugal},
	Author = {Kate\u {r}ina Vesel {\'a} and Jir\i\ Havelka and Eva Haji\u {c}ov {\'a}},
	Booktitle = {Proc. 4th Language Resources and Evaluation Conference (LREC 2004)},
	Pages = {2191--2194},
	Title = {Annotators' Agreement: The {C}ase of {T}opic- {F}ocus {A}rticulation},
	Year = {2004}}

@mastersthesis{vitt05,
	Address = {Berlin, Germany},
	Author = {Thorsten Vitt},
	School = {Humboldt-Universit\"at zu Berlin, Institut f {\"u}r Informatik},
	Title = {{DDDquery --- Anfragen an komplexe Korpora}},
	Year = {2005}}

@article{witt05,
	Author = {Andreas Witt and Daniela Goecke and Felix Sasaki and Harald L {\"u}ngen},
	Journal = {Literary and Linguistic Computing 2005},
	Pages = {103--116},
	Title = {Unification of {XML} {D}ocuments with {C}oncurrent Markup},
	Volume = 20,
	Year = 2005}

@book{WittData2005,
	Address = {San Francisco},
	Author = {Ian~H. Witten and Eibe Frank},
	Edition = {2nd},
	Publisher = {Morgan Kaufman},
	Title = {Data mining: Practical machine learning tools and techniques},
	Year = {2005}}

@incollection{WittenburgToApp,
	Address = {Berlin, Germany},
	Author = {Peter Wittenburg},
	Booktitle = {Corpus Linguistics. An International Handbook},
	Editor = {Anke L\"udeling and Merja Kyt\"o},
	Publisher = {Mouton de Gruyter},
	Title = {Preprocessing multimodal corpora},
	Year = {to appear}}

@techreport{Weischedeletal:07,
	Author = {Ralph Weischedel and Sameer Pradhan and Lance Ramshaw and Linnea Micciulla and Martha Palmer and Nianwen Xue and Mitchell Marcus and Ann Taylor and Olga Babko-Malaya and Eduard Hovy and Robert Belvin and Ann Houston},
	Institution = {Linguistic Data Consortium, Philadelphia},
	Title = {{OntoNotes Release 1.0}},
	Year = {2007}}

@inproceedings{DipperGoetze:05,
	Address = {Poznan, Poland},
	Author = {Stefanie Dipper and Michael G\"otze},
	Booktitle = {Proc. 2nd Language \& Technology Conference 2005},
	Month = {April},
	Pages = {23--30},
	Title = {Accessing {H}eterogeneous {L}inguistic {D}ata --- {G}eneric {XML}-based {R}epresentation and {F}lexible {V}isualization},
	Year = {2005}}

@inproceedings{Stedeetal:06,
	Address = {Riva del Garda, Italy},
	Author = {Manfred Stede and Heike Bieler and Stefanie Dipper and Arthit Suriyawongk},
	Booktitle = {Proc. 17th European Conference on Artificial Intelligence (ECAI-06)},
	Pages = {827--828},
	Title = {SUMMaR: Combining Linguistics and Statistics for Text Summarization},
	Year = {2006}}

@inproceedings{Carlettaetal:03,
	Author = {J. Carletta and J. Kilgour and T. O'Donnell and S. Evert and H. Voormann},
	Booktitle = {Proc. EACL Workshop on Language Technology and the Semantic Web (3rd Workshop on NLP and XML)},
	Title = {The {NITE} {O}bject {M}odel {L}ibrary for {H}andling {S}tructured {L}inguistic {A}nnotation on {M}ultimodal {D}ata {S}ets},
	Year = {2003}}

@misc{NN:10,
	Address = {N.N.},
	Author = {N.N.},
	Booktitle = {Removed},
	Pages = {1--8},
	Title = {Removed},
	Year = 2010}

@book{WittenFrank:05,
	Address = {San Francisco},
	Author = {Ian~H. Witten and Eibe Frank},
	Edition = {2nd},
	Publisher = {Morgan Kaufman},
	Title = {Data mining: Practical machine learning tools and techniques},
	Year = {2005}}

@inproceedings{kermes-evert01,
	Address = {Lancaster, UK},
	Author = {Kermes, Hannah and Evert, Stefan},
	Booktitle = {Proc. Corpus Linguistics 2001},
	Editor = {Paul Rayson et al.},
	Pages = {332 -- 340},
	Title = {{Exploiting large corpora: A circular process of partial syntactic ana\-ly\-sis, corpus query and extraction of lexikographic information}},
	Year = {2001}}

@inproceedings{Schmid:2006,
	Address = {Sydney, Australia},
	Author = {Helmut Schmid},
	Booktitle = {Proc. {COLING-ACL} 2006},
	Title = {Trace {P}rediction and {R}ecovery {W}ith {U}nlexicalized {PCFG}s and {S}lash {F}eatures},
	Year = {2006}}

@inproceedings{Schmid:2004,
	Address = {Geneva, Switzerland},
	Author = {Helmut Schmid},
	Booktitle = {Proc. 20th {I}nternational {C}onference on {C}omputational {L}inguistics, {C}oling'04},
	Pages = {162--168},
	Title = {{E}fficient {P}arsing of {H}ighly {A}mbiguous {C}ontext-{F}ree {G}rammars with {B}it {V}ectors},
	Volume = {1},
	Year = {2004}}

@inproceedings{Eberle/etal:2008,
	Address = {Berlin, Germany},
	Author = {Kurt Eberle and Ulrich Heid and Manuel Kountz and Kerstin Eckart},
	Booktitle = {Text Resources and Lexical Knowledge -- Selected Papers from the 9$^{th}$ Conference on Natural Language Processing ({KONVENS} 2008)},
	Editor = {Angelika Storrer and Alexander Geyken and Alexander Siebert and Kay-Michael W{\"u}rzner},
	Pages = {145--158},
	Publisher = {Mouton de Gruyter},
	Title = {A tool for corpus ana\-ly\-sis using partial disambiguation and bootstrapping of the lexicon},
	Year = 2008}

@techreport{Eberle:1997,
	Address = {Stuttgart, Germany},
	Author = {Kurt Eberle},
	Institution = {Universit\"{a}t Stuttgart},
	Title = {{F}lat underspecified representation and its meaning for a fragment of {German}},
	Type = {Arbeitspapiere des {S}onderforschungsbereichs 340, {N}r. 120},
	Year = 1997}

@techreport{Eberle:2004,
	Address = {Stuttgart, Germany},
	Author = {Kurt Eberle},
	Institution = {Universit\"{a}t Stuttgart},
	Title = {Flat underspecified representation and its meaning for a fragment of {German}},
	Type = {Habilitationsschrift},
	Year = 2004}

@incollection{Eberle:2002,
	Address = {T\"{u}bingen},
	Author = {Kurt Eberle},
	Booktitle = {How we say WHEN it happens. Contributions to the theory of temporal reference in natural language},
	Editor = {Hans Kamp and Uwe Reyle},
	Note = {Ling. Arbeiten, Band 455},
	Pages = {97-148},
	Publisher = {Niemeyer},
	Title = {Tense and {A}spect {I}nformation in a {FUDR}-based {German French Machine Translation System}},
	Year = 2002}

@techreport{koenig2003tigersearch,
	Author = {Esther K{\"o}nig and Wolfgang Lezius and Holger Voormann},
	Institution = {IMS, University of Stuttgart},
	Title = {{TIGERSearch 2.1 User's Manual}},
	Year = {2003}}

@conference{chiarcos2009all,
	Author = {Christian Chiarcos and Julia Ritz and Manfred Stede},
	Booktitle = {Proc. Third Linguistic Annotation Workshop},
	Organization = {Association for Computational Linguistics},
	Pages = {35--43},
	Title = {{By all these lovely tokens...: merging conflicting tokenizations}},
	Year = {2009}}

@inproceedings{crysmann2001integrated,
	Address = {Philadelphia, Pennsylvania, USA},
	Author = {Berthold Crysmann and Anette Frank and Kiefer Bernd and Stefan Mueller and Guenter Neumann and Jakub Piskorski and Ulrich Schaefer and Melanie Siegel and Hans Uszkoreit and Feiyu Xu and Markus Becker and Hans-Ulrich Krieger},
	Booktitle = {Proc. 40th Annual Meeting of the Association for Computational Linguistics},
	Month = {July},
	Mydoi = {10.3115/1073083.1073157},
	Mypublisher = {Association for Computational Linguistics},
	Myurl = {http://www.aclweb.org/anthology/P02-1056},
	Pages = {441--448},
	Title = {{An integrated architecture for shallow and deep processing}},
	Year = {2002}}

@inproceedings{Baroni/Kilgarriff:2006,
	Address = {Trento, Italy},
	Author = {Marco Baroni and Adam Kilgarriff},
	Booktitle = {Proc. 11th Conference of the European Chapter of the Association for Computational Linguistics},
	Organization = {EACL},
	Pages = {87--90},
	Title = {Large linguistically-processed {W}eb corpora for multiple languages},
	Year = {2006}}

@inproceedings{Faasz/etal:2010,
	Address = {Valetta, Malta},
	Author = {Gertrud Faa{\ss} and Ulrich Heid and Helmut Schmid},
	Booktitle = {Proc. seventh international conference on Language Resources and Evaluation (LREC)},
	Title = {Design and application of a {G}old {S}tandard for morphological ana\-ly\-sis: {SMOR} as an example of morphological evaluation},
	Year = {2010}}

@misc{Heid/etal:2009,
	Author = {Ulrich Heid and Kurt Eberle and Kerstin Eckart},
	Howpublished = {{P}oster presentation at the {GSCL} 2009 workshop: {L}inguistic {P}rocessing {P}ipelines, {P}otsdam},
	Title = {Towards more reliable linguistic analyses: workflow and infrastructure},
	Year = {2009}}

@inproceedings{Eberle/etal:2009:GSCL,
	Address = {T{\"u}bingen},
	Author = {Kurt Eberle and Gertrud Faa{\ss} and Ulrich Heid},
	Booktitle = {Von der Form zur Bedeutung: Texte automatisch verarbeiten / From Form to Meaning: Processing Texts Automatically, Proc. Biennial GSCL Conference 2009},
	Editor = {Christian Chiarcos and Richard Eckart de Castilho and Manfred Stede},
	Pages = {81--91},
	Publisher = {Gunter Narr Verlag},
	Title = {{P}roposition oder {T}emporalangabe? {D}isambiguierung von -ung-{N}ominalisierungen von verba dicendi in nach-{PP}s},
	Year = 2009}

@conference{borin00,
	Address = {Athens, Greece},
	Author = {Lars Borin},
	Booktitle = {Proc. 2nd International Conference on Language Resources and Evaluation (LREC 2000)},
	Month = {May, 31st -- June, 2nd},
	Title = {Something Borrowed, Something Blue: {Rule}-Based Combination of {POS} Taggers},
	Year = {2000}}

@conference{zavrel-daelemans00bootstrapping,
	Address = {Athens, Greece},
	Author = {Jakub Zavrel and Walter Daelemans},
	Booktitle = {Proc. 2nd International Conference on Language Resources and Evaluation (LREC 2000)},
	Month = {May, 31st -- June, 2nd},
	Title = {{Bootstrapping a Tagged Corpus through Combination of Existing Heterogeneous Taggers}},
	Year = {2000}}

@inproceedings{FRANCOM08.587,
	Address = {Marrakech, Morocco},
	Author = {Jerid Francom and Mans Hulden},
	Booktitle = {Proc. Sixth International Language Resources and Evaluation (LREC 2008)},
	Month = {May},
	Nodate = {28-30},
	Noeditor = {Nicoletta Calzolari (Conference Chair), Khalid Choukri, Bente Maegaard, Joseph Mariani, Jan Odjik, Stelios Piperidis, Daniel Tapias},
	Noisbn = {2-9517408-4-0},
	Nolanguage = {english},
	Nonote = {http://www.lrec-conf.org/proceedings/lrec2008/},
	Nopublisher = {European Language Resources Association (ELRA)},
	Title = {Parallel {M}ulti-{T}heory {A}nnotations of {S}yntactic {S}tructure},
	Year = {2008}}

@conference{tufis2000using,
	Address = {Athens, Greece},
	Author = {Dan Tufi{\c{s}}},
	Booktitle = {Proc. 2nd International Conference on Language Resources and Evaluation (LREC 2000)},
	Month = {May, 31st -- June, 2nd},
	Pages = {1105--1112},
	Title = {{Using a large set of EAGLES-compliant morpho-syntactic descriptors as a tagset for probabilistic tagging}},
	Year = {2000}}

@inproceedings{delaClergerie/etal:2008:LREC,
	Address = {Marrakech, Morocco},
	Author = {Eric Villemonte de la Clergerie and Olivier Hamon and Djamel Mostefa and Christelle Ayache and Patrick Paroubek and Anne Vilnat},
	Booktitle = {Proc. 6$^{th}$ Conference on Language Resources and Evaluation (LREC 2008)},
	Month = {May},
	Nonote = {[CD-ROM]},
	Title = {{PASSAGE}: from {F}rench {P}arser {E}valuation to {L}arge {S}ized {T}reebank},
	Year = {2008}}

@misc{bies-etal95,
	Author = {Bies, Ann and Ferguson, Mark and Katz, Karen and MacIntyre, Robert},
	Howpublished = {\url{ftp://ftp.cis.upenn.edu/pub/treebank/doc/manual/root.ps.gz} (\today)},
	Note = {version of January 1995},
	Title = {Bracketing Guidelines for Treebank II Style Penn Treebank Project},
	Year = {1995}}

@inproceedings{Brants:00,
	Address = {Seattle, WA},
	Author = {Thorsten Brants},
	Booktitle = {Proc. Sixth Applied Natural Language Processing ({ANLP}-2000)},
	Title = {{TnT} -- A Statistical Part-of-Speech Tagger},
	Year = {2000}}

@article{Brill:95,
	Author = {Eric Brill},
	Journal = {Computational Linguistics},
	Number = 4,
	Pages = {543--565},
	Title = {{Transformation-Based Error-Driven Learning and Natural Language Processing: A Case Study in Part-of-Speech Tagging}},
	Volume = 21,
	Year = 1995}

@misc{Burnard:07,
	Author = {Lou Burnard},
	Note = {\url{http://www.natcorp.ox.ac.uk/XMLedition/URG/bnctags.html}},
	Title = {{Reference Guide for the British National Corpus (XML Edition)}},
	Year = {2007}}

@article{carlettaetal:03,
	Author = {J. Carletta and S. Evert and U. Heid and J. Kilgour and J. Robertson and H. Voormann},
	Journal = {Behavior Research Methods, Instruments, and Computers},
	Number = {3},
	Title = {{The NITE XML Toolkit: Flexible Annotation for Multi-modal Language Data}},
	Volume = {35},
	Year = {2003}}

@inbook{Carlsonetal:03,
	Address = {Dordrecht},
	Author = {Lynn Carlson and Daniel Marcu and Mary Ellen Okurowski},
	Booktitle = {Jan van Kuppevelt and Ronnie~W. Smith (ed.), Current and New Directions in Discourse and Dialogue", series="Text, Speech, and Language Technology; 22},
	Chapter = {5},
	Pages = {85112},
	Publisher = {Kluwer},
	Title = {Building a discourse-tagged corpus in the framework of Rhetorical Structure Theory},
	Year = {2003}}

@inproceedings{Christ:94,
	Address = {Budapest, Hungary},
	Author = {Oliver Christ},
	Booktitle = {Proc. 3rd Conference on Computational Lexicography and Text research (COMPLEX 94)},
	Pages = {23--32},
	Title = {A modular and flexible architecture for an integrated corpus query system},
	Year = 1994}

@inproceedings{cunninghametal:02,
	Author = {H. Cunningham and D. Maynard and K. Bontcheva and V. Tablan},
	Booktitle = {Proc. 40th Anniversary Meeting of the Association for Computational Linguistics},
	Title = {{GATE: A framework and graphical development environment for robust NLP tools and applications}},
	Year = 2002}

@inproceedings{Dipper:05,
	Address = {Berlin, Germany},
	Author = {Stefanie Dipper},
	Booktitle = {Proc. Berliner XML Tage 2005 (BXML 2005)},
	Pages = {39--50},
	Title = {{XML}-based Stand-off Representation and Exploitation of Multi-Level Linguistic Annotation},
	Year = 2005}

@inproceedings{DipperGoetze:05,
	Address = {Poznan, Poland},
	Author = {Stefanie Dipper and Michael G\"otze},
	Booktitle = {Proc. 2nd Language \& Technology Conference 2005},
	Month = {April},
	Pages = {23--30},
	Title = {Accessing Heterogeneous Linguistic Data --- Generic {XML}-based Representation and Flexible Visualization},
	Year = {2005}}

@inproceedings{DipperGoetze:06,
	Address = {Trento, Italy.},
	Author = {Stefanie Dipper, Michael G\"otze},
	Booktitle = {{Proc. 5th Workshop on NLP and XML (NLPXML-2006): Multi-Dimensional Markup in Natural Language Processing}},
	Title = {{ANNIS: Complex Multilevel Annotations in a Linguistic Database}},
	Year = {2006}}

@article{FerrucciLally:04,
	Author = {David Ferrucci and Adam Lally},
	Doi = {http://dx.doi.org/10.1017/S1351324904003523},
	Issn = {1351-3249},
	Journal = {Natural Language Engineering},
	Number = {3/4},
	Owner = {flint},
	Pages = {327-348},
	Timestamp = {2009.09.09},
	Title = {{UIMA}: An Architectural Approach to Unstructured Information Processing in the Corporate Research Environment},
	Volume = {10},
	Year = {2004},
	Bdsk-Url-1 = {http://dx.doi.org/10.1017/S1351324904003523}}

@article{Guo:97,
	Author = {Jin Guo},
	Journal = {Computational Linguistics},
	Number = {23},
	Pages = {569-596},
	Title = {{Critical Tokenization and its Properties}},
	Volume = {4},
	Year = {1997}}

@misc{Henderson-ACE-DTD:00,
	Author = {John C. Henderson},
	Note = {\url{http://projects.ldc.upenn.edu/ace/annotation/apf.v5.2.0.dtd} (2009/06/04)},
	Title = {{A DTD for Reference Key Annotation of EDT Entities and RDC Relations in the ACE Evaluations (v. 5.2.0, 2000/01/05)}},
	Year = {2000}}

@misc{Ide:08,
	Author = {Nancy Ide},
	Note = {Keynote paper presented at the HCSNet Workshop on Designing the Australian National Corpus, 4-5 December, UNSW, Sydney, Australia},
	Title = {{The American National Corpus: Then, now and tomorrow}},
	Year = {2008}}

@inproceedings{KaplanNewman:97,
	Address = {Madrid, Spain},
	Author = {Ron Kaplan and Paula Newman},
	Booktitle = {Proc. ACL Workshop on Computational Environments for Grammar Development and Linguistic Engineering},
	Pages = {54--61},
	Title = {{Lexical Resource Reconciliation in the Xerox Linguistic Environment}},
	Year = 1997}

@inproceedings{KingsburyPalmer:02,
	Address = {Las Palmas, Spain},
	Author = {P. Kingsbury and M. Palmer},
	Booktitle = {Proc. Third International Conference on Language Resources and Evalution (LREC).},
	Pages = {1989-1993},
	Title = {{From TreeBank to PropBank}},
	Year = 2002}

@inproceedings{KoenigLezius:00,
	Address = {Saarbr\"ucken},
	Author = {Esther K\"onig and Wolfgang Lezius},
	Booktitle = {Proc. 18th International Conference on Computational Linguistics ({COLING} 2000)},
	Pages = {1056--1060},
	Title = {A description language for syntactically annotated corpora},
	Year = {2000}}

@article{Marcusetal:93,
	Author = {Mitchell~P. Marcus and Beatrice Santorini and Mary Ann Marcinkiewicz},
	Journal = {Computational Linguistics},
	Pages = {313-330},
	Title = {{Building a large annotated corpus of English: the Penn treebank}},
	Volume = 19,
	Year = {1993}}

@inproceedings{Meyersetal:04,
	Author = {A. Meyers and R. Reeves and C. Macleod and R. Szekely and V. Zilinska and B. Young},
	Booktitle = {NAACL/HLT workshop on frontiers in corpus annotation},
	Title = {The NomBank project: An interim report},
	Year = {2004}}

@incollection{MuellerStrube:06,
	Address = {Frankfurt, Germany},
	Author = {Christoph M\"uller and Michael Strube},
	Booktitle = {Corpus Technology and Language Pedagogy: New Resources, New Tools, New Methods},
	Editor = {Sabine Braun and Kurt Kohn and Joybrato Mukherjee},
	Pages = {197--214},
	Publisher = {Peter Lang},
	Title = {Multi-level annotation of linguistic data with MMAX2},
	Year = {2006}}

@inproceedings{PoesioArtstein:08,
	Address = {Marrakech, Morocco},
	Author = {Massimo Poesio and Ron Artstein},
	Booktitle = {Proc. Sixth International Language Resources and Evaluation (LREC'08)},
	Date = {28-30},
	Editor = {Nicoletta Calzolari and Khalid Choukri and Bente Maegaard and Joseph Mariani and Jan Odjik and Stelios Piperidis and Daniel Tapias},
	Isbn = {2-9517408-4-0},
	Language = {english},
	Month = {may},
	Note = {http://www.lrec-conf.org/proceedings/lrec2008/},
	Publisher = {European Language Resources Association (ELRA)},
	Title = {Anaphoric Annotation in the ARRAU Corpus},
	Year = {2008}}

@inproceedings{Prasadetal:08,
	Address = {Marrakech, Morocco},
	Author = {Rashmi Prasad and Nikhil Dinesh and Alan Lee and Eleni Miltsakaki and Livio Robaldo and Aravind Joshi and Bonnie Webber},
	Booktitle = {Proc. Sixth International Language Resources and Evaluation (LREC'08)},
	Date = {28-30},
	Editor = {Nicoletta Calzolari and Khalid Choukri and Bente Maegaard and Joseph Mariani and Jan Odjik and Stelios Piperidis and Daniel Tapias},
	Isbn = {2-9517408-4-0},
	Language = {english},
	Month = {may},
	Note = {http://www.lrec-conf.org/proceedings/lrec2008/},
	Publisher = {European Language Resources Association (ELRA)},
	Title = {The Penn Discourse TreeBank 2.0.},
	Year = {2008}}

@inproceedings{Pustejovskyetal:03,
	Author = {James Pustejovsky and Patrick Hanks and Roser Saur\'i and Andrew See and Robert Gaizauskas and Andrea Setzer and Dragomir Radev and Beth Sundheim, David Day and Lisa Ferro and Marcia Lazo},
	Booktitle = {Proc. Corpus Linguistics 2003},
	Pages = {647-656},
	Title = {The TIMEBANK Corpus},
	Year = {2003}}

@inproceedings{Rehmetal:09a,
	Address = {Berlin, Germany},
	Author = {Georg Rehm and Oliver Schonefeld and Andreas Witt and Christian Chiarcos and Timm Lehmberg},
	Booktitle = {Text Resources and Lexical Knowledge, Companion Volume},
	Editor = {Angelika Storrer and Alexander Geyken and Alexander Siebert and Kay-Michael W\"urzner},
	Pages = {85--96},
	Publisher = {Mouton de Gruyter},
	Title = {SPLICR: A Sustainability Platform for Linguistic Corpora and Resources},
	Year = {2008}}

@incollection{schmid:07,
	Address = {Berlin, New York},
	Author = {Schmid, Helmut},
	Booktitle = {Corpus Linguistics. An International Handbook},
	Editor = {L{"u}deling, Anke and Kyt{"o}, Merja},
	Publisher = {de Gruyter},
	Series = {Handb{{"u}}cher f{{"u}}r Sprach- und Kommunikationswissenschaft/Handbooks of Linguistics and Communication Science},
	Title = {Tokenizing and {P}art-of-{S}peech {T}agging},
	Year = {2007}}

@misc{sampson99,
	Author = {Sampson, Geoffrey R.},
	Howpublished = {\url{http://www.grsampson.net/ChrisDoc.html} (\today)},
	Title = {{CHRISTINE} Corpus, Stage I: Documentation},
	Year = {1999}}

@inproceedings{stedeetal:06,
	Address = {Riva del Garda, Italy},
	Author = {Manfred Stede and Heike Bieler and Stefanie Dipper and Arthit Suriyawongkul},
	Booktitle = {Proc. 17th European Conference on Artificial Intelligence (ECAI-06)},
	Pages = {827--828},
	Title = {SUMMaR: Combining Linguistics and Statistics for Text Summarization},
	Year = {2006}}

@inproceedings{vilainetal:95,
	Address = {Morristown, NJ, USA},
	Author = {M. Vilain and J. Burger and J. Aberdeen and D. Connolly and L. Hirschman},
	Booktitle = {MUC6 '95: Proc. 6th Conference on Message understanding},
	Pages = {45--52},
	Title = {A model-theoretic coreference scoring scheme},
	Year = {1995}}

@article{WolfGibson:05,
	Author = {Florian Wolf and Edward Gibson},
	Journal = {Computational Linguistics},
	Number = {2},
	Pages = {249--287},
	Title = {{R}epresenting {D}iscourse {C}oherence: {A} {C}orpus-{B}ased {S}tudy},
	Volume = {31},
	Year = {2005}}

@misc{Wu:98,
	Author = {Dekai Wu},
	Note = {Presented at the Chinese Language Processing Workshop, University of Pennsylvania, Philadelphia, 30 June to 2 July 1998. \url{http://www.cs.ust.hk/~dekai/papers/segmentation.html}},
	Title = {A Position Statement on Chinese Segmentation},
	Year = {1998}}

@article{cheng1990superiority,
	Author = {Cheng, L. and Demirdache, H.},
	Journal = {MIT working papers in linguistics},
	Pages = {27--46},
	Title = {{Superiority violations}},
	Volume = {13},
	Year = {1990}}

@article{heycock1995asymmetries,
	Author = {Heycock, C.},
	Journal = {Linguistic Inquiry},
	Number = {4},
	Pages = {547--570},
	Publisher = {The MIT Press},
	Title = {{Asymmetries in reconstruction}},
	Volume = {26},
	Year = {1995}}

@conference{junghanns1995fokus,
	Author = {Junghanns, U. and Zybatow, G.},
	Booktitle = {Proc. G{\\"o}ttingen Focus Workshop (17. DGfS, March 1-3, 1995). Arbeitsbericht},
	Pages = {113--136},
	Title = {{Fokus im Russischen}},
	Volume = {69},
	Year = {1995}}

@phdthesis{sekerina1997syntax,
	Author = {Sekerina, I.A.},
	School = {The City University of New York},
	Title = {{The syntax and processing of scrambling constructions in Russian}},
	Year = {1997}}

@article{muller2005analyse,
	Author = {S. M\"uller},
	Journal = {Linguistische Berichte},
	Pages = {297},
	Publisher = {WESTDEUTSCHER VERLAG GMBH},
	Title = {{Zur Analyse der scheinbar mehrfachen Vorfeldbesetzung}},
	Volume = {203},
	Year = {2005}}

@inproceedings{jiampojamarnKondrak:09,
	Address = {Brighton},
	Author = {Jiampojamarn, S. and Kondrak, G.},
	Booktitle = {Interspeech},
	Title = {Online Discriminative Training for Grapheme-to-Phoneme Conversion},
	Year = {2009}}

@inproceedings{Copestakeetal:02,
	Address = {Las Palmas, Canary Islands},
	Author = {Copestake, Ann and Lambeau, Fabre and Villavicencio, Aline and Bond, Francis and Baldwin, Timothy and Sag, Ivan A. and Flickinger, Dan},
	Booktitle = {Proc. of the 3rd International Conference on Language Resources and Evaluation (LREC 2002)},
	Pages = {1941-1947},
	Title = {Multiword expressions: Linguistic precision and reusability},
	Year = {2002}}

@inproceedings{Yamamotoetal:03,
	Address = {Morristown, NJ, USA},
	Author = {Yamamoto, Kaoru and Kudo, Taku and Konagaya, Akihiko and Matsumoto, Yuji},
	Booktitle = {Proc. ACL 2003 workshop on Natural language processing in biomedicine},
	Doi = {http://dx.doi.org/10.3115/1118958.1118967},
	Location = {Sapporo, Japan},
	Pages = {65--72},
	Publisher = {Association for Computational Linguistics},
	Title = {Protein name tagging for biomedical annotation in text},
	Year = {2003},
	Bdsk-Url-1 = {http://dx.doi.org/10.3115/1118958.1118967}}

@misc{kcors1994,
	Address = {Kiel, Germany},
	Author = {IPDS},
	Editor = {University of Kiel},
	Howpublished = {CD-ROM},
	Owner = {timo},
	Timestamp = {2007-05-19},
	Title = {{The Kiel Corpus of Read Speech}},
	Year = {1994}}

@article{chiarcos-etal2011-tokens,
	Author = {Christian Chiarcos and Julia Ritz and Manfred Stede},
	Journal = {Journal of Language Resources and Evaluation (LREJ)},
	Note = {to appear},
	Number = {45},
	Title = {By all these lovely tokens ... {Merging} Conflicting Tokenizations},
	Volume = {4},
	Year = {2011}}

@inproceedings{chiarcos-etal2011-daarc,
	Address = {Faro},
	Author = {Christian Chiarcos and Julia Ritz and Manfred Stede},
	Booktitle = {Proc. 8th Discourse Anaphora and Anaphor Resolution Colloquium (DAARC 2011)},
	Noeditor = {Iris Hendrickx and Ant{\'o}nio Branco and Sobha Lalitha Devi and Ruslan Mitkov},
	Nomonth = {Oct},
	Nopublisher = {Edicoes Colibri},
	Pages = {80-92},
	Title = {Querying and visualizing coreference annotation in multi-layer corpora},
	Year = {2011}}

@techreport{busemannBusemann08-toolbox,
	Author = {A. Busemann and K. Busemann},
	Institution = {\url{http://www.sil.org}},
	Note = {Version 1.5.4, Oct 2008},
	Title = {Toolbox Self-Training},
	Year = {2008}}

@techreport{hellwig-etal08-elan,
	Author = {B. Hellwig and D. Van Uytvanck and M. Hulsbosch},
	Institution = {\url{http://www.lat-mpi.eu/tools/elan}},
	Note = {version of 2008-07-31},
	Title = {{ELAN  Linguistic Annotator}},
	Year = {2008}}

@article{boersma2002praat,
	Author = {Boersma, PPG},
	Journal = {Glot international},
	Number = {9/10},
	Pages = {341--345},
	Title = {Praat, a system for doing phonetics by computer},
	Volume = {5},
	Year = {2002}}

@inproceedings{schiehlen04,
	Address = {Geneva},
	Author = {Schiehlen, Michael},
	Booktitle = {{Proc. 20th International Conference on Computational Linguistics (COLING)}},
	Month = {August},
	Pages = {515--521},
	Title = {{Optimizing algorithms for pronoun resolution}},
	Year = {2004}}

@inproceedings{skut-etal97-negra-scheme,
	Address = {Washington, D.C.},
	Author = {Skut, Wojciech and Krenn, Brigitte and Brants, Thorsten and Uszkoreit, Hans},
	Booktitle = {{Proc. 5th Conference on Applied Natural Language Processing (ANLP)}},
	Title = {An Annotation Scheme for Free Word Order Languages},
	Year = {1997}}

@inproceedings{ide-pustejovsky2010-interoperability,
	Address = {Hong Kong, China},
	Author = {Ide, N. and Pustejovsky, J.},
	Booktitle = {Proc. Second International Conference on Global Interoperability for Language Resources (ICGL 2010)},
	Title = {What Does Interoperability Mean, anyway? {Toward} an Operational Definition of Interoperability},
	Year = {2010}}

@article{romary2011tiger2,
	Author = {Romary, L. and Zeldes, A. and Zipser, F.},
	Journal = {Arxiv preprint arXiv:1108.0631},
	Title = {[Tiger2/]-Serialising the ISO SynAF Syntactic Object Model},
	Year = {2011}}

@inproceedings{chiarcos-hellmann2011-okcon,
	Address = {Berlin, Germany},
	Author = {Christian Chiarcos and Sebastian Hellmann},
	Booktitle = {Proc. 6th Open Knowledge Conference (OKCon 2011)},
	Editor = {Sebastian Hellmann and Philipp Frischmuth and S{\"o}ren Auer and Daniel Dietrich},
	Month = {June},
	Title = {Working Group for Open Data in Linguistics: Status Quo and Perspectives},
	Year = {2011}}

@conference{chiarcos-goetze07-ontoannis,
	Address = {T{\"u}bingen, Germany},
	Author = {Christian Chiarcos and Michael G{\"o}tze},
	Booktitle = {Datenstrukturen f{\"u}r linguistische Ressourcen und ihre Anwendungen. Fr{\"u}hjahrstagung der Gesellschaft f{\"u}r Linguistische Datenverarbeitung (GLDV 2007)},
	Month = {April},
	Title = {A Linguistic Database with Ontology-sensitive Corpus Querying},
	Year = {2007}}

@inproceedings{zipser-romary2010-saltnpepper,
	Address = {Valetta, Malta},
	Author = {Zipser, F. and Romary, L.},
	Booktitle = {Proc. LREC-2010 Workshop on Language Resource and Language Technology Standards (LR\&LTS 2010)},
	Month = {May},
	Title = {A model oriented approach to the mapping of annotation formats using standards},
	Year = {2010}}

@conference{hovy2006ontonotes,
	Address = {New York},
	Author = {Hovy, E. and Marcus, M. and Palmer, M. and Ramshaw, L. and Weischedel, R.},
	Booktitle = {Con\-fe\-rence of the North American Chapter of the Association for Computational Linguistics on Human Language Technology (HLT-NAACL 2006)},
	Month = {June},
	Pages = {57--60},
	Title = {{Ontonotes: the 90\% solution}},
	Year = {2006}}

@article{HeppSB07,
	Added-At = {2009-09-23T12:50:09.000+0200},
	Author = {Martin Hepp and Katharina Siorpaes and Daniel Bachlechner},
	Bibsource = {DBLP, http://dblp.uni-trier.de},
	Biburl = {http://www.bibsonomy.org/bibtex/2651ed3b6c860b8ea90bf64bd1933bfa0/arminhs},
	Description = {DBLP Record 'journals/internet/HeppSB07'},
	Ee = {http://doi.ieeecomputersociety.org/10.1109/MIC.2007.110},
	Interhash = {99e178fe7e047f07b3bc72d5d5520048},
	Intrahash = {651ed3b6c860b8ea90bf64bd1933bfa0},
	Journal = {IEEE Internet Computing},
	Keywords = {imported},
	Number = 5,
	Pages = {54-65},
	Timestamp = {2009-09-23T12:50:09.000+0200},
	Title = {Harvesting Wiki Consensus: Using Wikipedia Entries as Vocabulary for Knowledge Management},
	Url = {http://dblp.uni-trier.de/rec/bibtex/journals/internet/HeppSB07},
	Volume = 11,
	Year = 2007,
	Bdsk-Url-1 = {http://dblp.uni-trier.de/rec/bibtex/journals/internet/HeppSB07}}

@inproceedings{mendes2011spotlight,
	Author = {Pablo N. Mendes and Max Jakob and Andr\'{e}s Garc\'{i}a-Silva and Christian Bizer},
	Booktitle = {Proc. 7th International Conference on Semantic Systems (I-Semantics)},
	Title = {DBpedia Spotlight: Shedding Light on the Web of Documents},
	Year = {2011}}

@article{martin2009representing,
	Author = {Martin, F. and Spohr, D. and Stein, A.},
	Journal = {Journal for Language Technology and Computational Linguistics},
	Pages = {1--22},
	Title = {Representing a resource of formal lexicalsemantic descriptions in the Web Ontology Language},
	Volume = {21},
	Year = {2009}}

@book{ide1995text,
	Author = {Ide, N. and Veronis, J.},
	Publisher = {Kluwer Academic Pub},
	Title = {Text encoding initiative: Background and contexts},
	Year = {1995}}

@misc{weibel98-dublin-core,
	Author = {Weibel, Stuart L.  and Kunze, John A.  and Carl Lagoze and Misha Wolf},
	Howpublished = {\url{http://www.ietf.org/rfc/rfc2413.txt}},
	Month = {September},
institution="Network Working Group",
	Title = {{RFC 2413 - Dublin Core} Metadata for Resource Discovery},
	Year = {1998}}

@article{giordano1995tei,
	Author = {Giordano, R.},
	Journal = {Computers and the Humanities},
	Number = {1},
	Pages = {75--84},
	Publisher = {Springer},
	Title = {The TEI header and the documentation of electronic texts},
	Volume = {29},
	Year = {1995}}

@inproceedings{snyder-barzilay-knight:2010:ACL,
	Address = {Uppsala, Sweden},
	Author = {Snyder, Benjamin and Barzilay, Regina and Knight, Kevin},
	Booktitle = {Proc. 48th Annual Meeting of the Association for Computational Linguistics},
	Month = {July},
	Pages = {1048--1057},
	Publisher = {Association for Computational Linguistics},
	Title = {A Statistical Model for Lost Language Decipherment},
	Url = {http://www.aclweb.org/anthology/P10-1107},
	Year = {2010},
	Bdsk-Url-1 = {http://www.aclweb.org/anthology/P10-1107}}

@inproceedings{haertel-mcclanahan-ringger:2010:NAACLHLT,
	Address = {Los Angeles, California},
	Author = {Haertel, Robbie and McClanahan, Peter and Ringger, Eric K.},
	Booktitle = {Human Language Technologies: The 2010 Annual Conference of the North American Chapter of the Association for Computational Linguistics},
	Month = {June},
	Pages = {519--527},
	Publisher = {Association for Computational Linguistics},
	Title = {Automatic Diacritization for Low-Resource Languages Using a Hybrid Word and Consonant CMM},
	Url = {http://www.aclweb.org/anthology/N10-1076},
	Year = {2010},
	Bdsk-Url-1 = {http://www.aclweb.org/anthology/N10-1076}}

@article{su2008ntu,
	Author = {Su, L.I. and Sung, L.M. and Huang, S. and Hsieh, F. and Lin, Z.},
	Journal = {Corpus Linguistics and Lingustic Theory},
	Number = {2},
	Pages = {291--294},
	Publisher = {Walter de Gruyter GmbH \& Co. KG},
	Title = {NTU corpus of Formosan languages: A state-of-the-art report},
	Volume = {4},
	Year = {2008}}

@inproceedings{ANTONSEN10.254,
	Address = {Valletta, Malta},
	Author = {Lene Antonsen and Trond Trosterud and Linda Wiechetek},
	Booktitle = {Proc. Seventh conference on International Language Resources and Evaluation (LREC'10)},
	Date = {19-21},
	Editor = {Nicoletta Calzolari (Conference Chair) and Khalid Choukri and Bente Maegaard and Joseph Mariani and Jan Odijk and Stelios Piperidis and Mike Rosner and Daniel Tapias},
	Isbn = {2-9517408-6-7},
	Language = {english},
	Month = {may},
	Publisher = {European Language Resources Association (ELRA)},
	Title = {Reusing Grammatical Resources for New Languages},
	Year = {2010}}

@inproceedings{poornima-good:2010:NLPLING,
	Address = {Uppsala, Sweden},
	Author = {Poornima, Shakthi and Good, Jeff},
	Booktitle = {Proc. 2010 Workshop on NLP and Linguistics: Finding the Common Ground},
	Month = {July},
	Pages = {1--9},
	Publisher = {Association for Computational Linguistics},
	Title = {Modeling and Encoding Traditional Wordlists for Machine Applications},
	Url = {http://www.aclweb.org/anthology/W10-2101},
	Year = {2010},
	Bdsk-Url-1 = {http://www.aclweb.org/anthology/W10-2101}}

@inproceedings{tapanainen1997non,
	Author = {Tapanainen, P. and J{\"a}rvinen, T.},
	Booktitle = {Proc. fifth conference on Applied natural language processing},
	Organization = {Association for Computational Linguistics},
	Pages = {64--71},
	Title = {A non-projective dependency parser},
	Year = {1997}}

@inproceedings{nivre2006maltparser,
	Author = {Nivre, J. and Hall, J. and Nilsson, J.},
	Booktitle = {Proc. of LREC},
	Organization = {Citeseer},
	Pages = {2216--2219},
	Title = {Maltparser: A data-driven parser-generator for dependency parsing},
	Year = {2006}}

@inproceedings{green-etal2010-stanford-french,
	Author = {Green, Spence and de Marneffe, Marie-Catherine and Bauer, John and Manning, Christopher D.},
	Booktitle = {EMNLP 2011},
	Title = {Multiword Expression Identification with Tree Substitution Grammars: {A} Parsing tour de force with {French}},
	Year = {2010}}

@inproceedings{LLMap2009,
	Author = {Yichun Xie and Aristar-Dry, H. and Aristar, A. and Lockwood, H. and Thompson, J. and Parker, D. and Cool, B.},
	Booktitle = {Computer Science and Information Technology, 2009. IMCSIT '09. International Multiconference on},
	Doi = {10.1109/IMCSIT.2009.5352710},
	Keywords = {GIS;LL-MAP;Language and Location-Map Annotation Project;US National Science Foundation;Web based geographical information system;computational linguistics;cultural data;digital gazetteers quick search;geographic data;linguistic information;linguistic studies;linked visualization;multi-layered visualization;online data harvesting;spatial data engine driven architecture;toponymical analysis;Internet;computational linguistics;geographic information systems;search engines;visual databases;},
	Month = {oct.},
	Pages = {305 -311},
	Title = {Language and Location: Map Annotation Project - A GIS-based infrastructure for linguistics information management},
	Url = {http://ieeexplore.ieee.org/stamp/stamp.jsp?tp=&arnumber=5352710},
	Year = {2009},
	Bdsk-Url-1 = {http://ieeexplore.ieee.org/stamp/stamp.jsp?tp=&arnumber=5352710},
	Bdsk-Url-2 = {http://dx.doi.org/10.1109/IMCSIT.2009.5352710}}

@inproceedings{poornima2010modeling,
	Address = {Uppsala, Sweden},
	Author = {Poornima, Shakthi and Good, Jeff},
	Booktitle = {Proc. 2010 Workshop on NLP and Linguistics: Finding the Common Ground},
	Month = {July},
	Pages = {1--9},
	Publisher = {Association for Computational Linguistics},
	Title = {Modeling and Encoding Traditional Wordlists for Machine Applications},
	Url = {http://www.aclweb.org/anthology/W10-2101},
	Year = {2010},
	Bdsk-Url-1 = {http://www.aclweb.org/anthology/W10-2101}}

@inproceedings{bouma:2010:LAW,
	Address = {Uppsala, Sweden},
	Author = {Bouma, Gerlof},
	Booktitle = {Proceedings of the Fourth Linguistic Annotation Workshop},
	Month = {July},
	Pages = {212--216},
	Publisher = {Association for Computational Linguistics},
	Title = {Syntactic Tree Queries in Prolog},
	Url = {http://www.aclweb.org/anthology/W10-1834},
	Year = {2010},
	Bdsk-Url-1 = {http://www.aclweb.org/anthology/W10-1834}}

@book{Ethnologue2009,
	Address = {Dallas},
	Edition = {16},
	Editor = {M. Paul Lewis},
	Isbn = {978-1-55671-216-6},
	Publisher = {SIL},
	Title = {Ethnologue: Languages of the World},
	Year = {2009}}

@book{Ethnologue,
	Address = {Dallas},
	Edition = {16},
	Editor = {M. Paul Lewis},
	Isbn = {978-1-55671-216-6},
	Publisher = {SIL},
	Title = {Ethnologue: Languages of the World},
	Year = {2009}}

@inproceedings{koehn2005europarl,
	Author = {Koehn, P.},
	Booktitle = {MT summit},
	Title = {Europarl: A parallel corpus for statistical machine translation},
	Volume = {5},
	Year = {2005}}

@incollection{tiedemann09-opus,
	Address = {Amsterdam/Philadelphia},
	Author = {J{\"o}rg Tiedemann},
	Booktitle = {Recent Advances in Natural Language Processing (Volume V)},
	Editor = {N. Nicolov and K. Bontcheva and G. Angelova and R. Mitkov},
	Pages = {237-248},
	Publisher = {John Benjamins},
	Title = {News from {OPUS} - {A} Collection of Multilingual Parallel Corpora with Tools and Interfaces},
	Year = {2009}}

@inproceedings{ide2010manually,
	Author = {Ide, Nancy and Fellbaum, Christiane and Baker, Collin F. and Passonneau, Rebecca},
	Booktitle = {Proceedings of the ACL 2010 Conference},
	noOrganization = {Association for Computational Linguistics},
	Pages = {68--73},
	Title = {The {Manually Annotated Sub-Corpus: A} community resource for and by the people},
	Year = {2010}}

@inproceedings{cimiano2007lexonto,
	Author = {Cimiano, P. and Haase, P. and Herold, M. and Mantel, M. and Buitelaar, P.},
	Booktitle = {Proceedings of the OntoLex07 Workshop held in conjunction with ISWC},
	Title = {LexOnto: A model for ontology lexicons for ontology-based NLP},
	Volume = {7},
	Year = {2007}}

@inproceedings{van2006conversion,
	Author = {Van Assem, M. and Gangemi, A. and Schreiber, G.},
	Booktitle = {Proceedings of the Fifth International Conference on Language Resources and Evaluation LREC'06},
	Organization = {Citeseer},
	Title = {Conversion of {WordNet} to a standard {RDF/OWL} representation},
	Year = {2006}}

@article{suchanek2008yago,
	Author = {Suchanek, F.M. and Kasneci, G. and Weikum, G.},
	Journal = {Web Semantics: Science, Services and Agents on the World Wide Web},
	Number = {3},
	Pages = {203--217},
	Publisher = {Elsevier},
	Title = {Yago: A large ontology from wikipedia and wordnet},
	Volume = {6},
	Year = {2008}}

@incollection{meyer2010worth,
	Author = {Meyer, Christian and Gurevych, Iryna},
	Booktitle = {Computational Linguistics and Intelligent Text Processing},
	Editor = {Gelbukh, Alexander},
	Pages = {38--49},
	Publisher = {Springer},
	Title = {Worth its Weight in Gold or Yet Another Resource -- {A} Comparative Study of {Wiktionary, OpenThesaurus and GermaNet}},
	Year = {2010}}

@article{picca2008lmm,
	Author = {Picca, D. and Gliozzo, A.M. and Gangemi, A.},
	Journal = {Proceedings of LREC, Marrakech, Morocco},
	Title = {{LMM: An OWL-DL} metamodel to represent heterogeneous lexical knowledge},
	Year = {2008}}

@inproceedings{lewis-munro-vogel:2011:WMT,
	Address = {Edinburgh, Scotland},
	Author = {Lewis, William and Munro, Robert and Vogel, Stephan},
	Booktitle = {Proceedings of the Sixth Workshop on Statistical Machine Translation},
	Month = {July},
	Pages = {501--511},
	Publisher = {Association for Computational Linguistics},
	Title = {Crisis MT: Developing A Cookbook for MT in Crisis Situations},
	Url = {http://www.aclweb.org/anthology/W11-2164},
	Year = {2011},
	Bdsk-Url-1 = {http://www.aclweb.org/anthology/W11-2164}}

@book{Springer-llod,
	Editor = {Christian Chiarcos and Sebastian Nordhoff and Sebastian Hellmann},
	noNote = {companion volume of the Workshop on Linked Data in Linguistics 2012 (LDL-2012), held in conjunction with the 34th Annual Meeting of the German Linguistic Society (DGfS), March 2012, Frankfurt/M., Germany},
	Publisher = {Springer},
    address="Heidelberg",
	Title = {Linked Data in Linguistics. Representing Language Data and Metadata},
	Year = {2012}}

@incollection{ldl-bouda,
	Author = {Peter Bouda and Michael Cysouw},
	Crossref = {Springer-llod},
	Pages = {15-23},
	Title = {Treating Dictionaries as a {Linked-Data} Corpus},
	Year = {2012}}

@incollection{ldl-declerck,
	Author = {Thierry Declerck and Piroska Lendvai and Karlheinz M{\"o}rth and Gerhard Budin and Tam{\'a}s V{\'a}radi},
	Crossref = {Springer-llod},
	Pages = {109-116},
	Title = {Towards {Linked Language Data} for {Digital Humanities}},
	Year = {2012}}

@incollection{ldl-moran,
	Author = {Steven Moran},
	Crossref = {Springer-llod},
	Pages = {129-138},
	Title = {Using {Linked Data} to create a typological knowledge base},
	Year = {2012}}

@incollection{ldl-hellmann,
	Author = {Sebastian Hellmann and Claus Stadler and Jens Lehmann},
	Crossref = {Springer-llod},
	Pages = {181-190},
	Title = {The German DBpedia: A Sense Repository for Linking Entities},
	Year = {2012}}

@incollection{WALS,
	Author = {Matthew S. Dryer},
	Editor = {Bernard Comrie and Matthew S. Dryer and David Gil and Martin Haspelmath},
	Publisher = {Oxford University Press},
	Title = {World Atlas of Language Structures},
	Year = {2005}}

@book{Thompson1955,
	Address = {Bloomington},
	Author = {Stith {Thompson}},
	Publisher = {Indiana University Press},
	Title = {Motif-index of folk-literature: A classification of narrative elements in folktales, ballads, myths, fables, medieval romances, exempla, fabliaux, jest-books, and local legends.},
	Year = {1955-58}}

@book{APICS,
	Address = {Oxford},
	Editor = {Michaelis, Susanne and Maurer, Philippe and Haspelmath, Martin and Huber, Magnus},
	Publisher = {Oxford University Press},
	Title = {Atlas of Pidgin and Creole Language Structures},
	Year = {in preparation}}

@techreport{Lassila98resourcedescription,
	Author = {Lassila, Ora and Swick, Ralph R.},
	Howpublished = {\url{http://www.w3.org/TR/1999/REC-rdf-syntax-19990222}},
	Institution = {World Wide Web Consortium},
	Title = {{Resource Description Framework (RDF)} Model and Syntax Specification},
	Year = {1999}}

@techreport{mcguinness2004owl,
	Author = {McGuinness, D.L. and Van Harmelen, F.},
	Howpublished = {\url{http://www.w3.org/TR/owl-features}},
	Institution = {World Wide Web Consortium},
	Title = {{OWL Web Ontology Language} overview. W3C recommendation},
	Year = {2004}}

@techreport{owl2,
	Author = {{W3C OWL Working Group}},
	Howpublished = {\url{http://www.w3.org/TR/owl2-overview}},
	Institution = {World Wide Web Consortium},
	Title = {{OWL 2 Web Ontology Language}. Document Overview. {W3C Recommendation}},
	Year = {2009}}

@incollection{baader2005description,
	Author = {Baader, Franz and Horrocks, Ian and Sattler, Ulrike},
	Booktitle = {Mechanizing Mathematical Reasoning},
	Editor = {Hutter, Dieter and Stephan, Werner},
	Pages = {228-248},
	Publisher = {Springer Berlin / Heidelberg},
	Title = {Description logics as ontology languages for the {Semantic Web}},
	Year = {2005}}

@misc{stein2003-tagset,
	Author = {Achim Stein},
	Howpublished = {\url{http://www.ims.uni-stuttgart.de/~schmid/french-tagset.html}},
	Title = {French {TreeTagger} Part-of-Speech Tags},
	Year = {2003}}

@techreport{miles2008skos,
	Author = {Miles, A. and Bechhofer, S.},
	Howpublished = {\url{http://www.w3.org/TR/skos-reference}},
	Institution = {World Wide Web Consortium},
	Title = {{SKOS Simple Knowledge Organization System} reference. {W3C Recommendation}},
	Year = {2009}}

@incollection{chiarcos-2012-ldl-powla,
	Author = {Christian Chiarcos},
	Booktitle = {Linked Data in Linguistics},
	Editor = {Christian Chiarcos and Sebastian Nordhoff and Sebastian Hellmann},
	Note = {p. 161-179},
	Publisher = {Springer},
	Title = {Interoperability of Corpora and Annotations},
	Year = {2012}}


@INPROCEEDINGS{FrancopouloG.2006,
	author = {Francopoulo, Gil and Bel, Nuria and George, Monte and Calzolari, Nicoletta and Monachini, Monica and Pet, Mandy and Soria, Claudia},
  title = {Lexical {Markup Framework} ({LMF})},
  booktitle = {Proceedings of the Fifth International Conference on Language Resources and Evaluation (LREC)},
  address = {Genoa, Italy},
  pages = {233--236},
  year = {2006}
}
	
	

@BOOK{HeathEtAl2011,
  author = {Tom Heath and Christian Bizer},
  year = {2011},
  title = {Linked Data - Evolving the Web into a Global Data Space},
  address = {San Rafael},
  publisher = {Morgan \& Claypool},
  owner = {sebastian_nordhoff},
  timestamp = {2011.08.25}
}

@inproceedings{OLAC,
 author = {Bird, Steven and Simons, Gary},
 title = {The OLAC metadata set and controlled vocabularies},
 booktitle = {Proceedings of the ACL 2001 Workshop on Sharing Tools and Resources - Volume 15},
 series = {STAR '01},
 year = {2001},
 location = {France},
 pages = {7--18},
 numpages = {12},
 url = {http://dx.doi.org/10.3115/1118062.1118065},
 note = {Online version http://www.language-archives.org},
 doi = {http://dx.doi.org/10.3115/1118062.1118065},
 acmid = {1118065},
 publisher = {Association for Computational Linguistics},
 address = {Stroudsburg, PA, USA},
}

@inproceedings{ide-etal08-masc,
 author="Ide, Nancy and Baker, Collin F. and Fellbaum, Christiane and Fillmore, Charles J. and Passonneau, Rebecca",
 year="2008",
 title="{MASC: The Manually Annotated Sub-Corpus of American English}",
 booktitle="Proc. 6th Language Resources and Evaluation Conference (LREC 2008)",
 address="Marrakech, Morocco",
 month="May"
 }
