@conference{tzoukermann1997effective,
  title={{Effective Use of Natural Language Processing Techniques for Automatic Conflation of Multi-Word Terms: The Role of Derivational Morphology, Part of Speech Tagging, and Shallow Parsing}},
  author={Tzoukermann, E. and Klavans, J.L. and Jacquemin, C.},
  booktitle={20th Annual International ACM SIGIR Conference on Research and Development in Information Retrieval (SIGIR)},
  pages={148-155},
  address = {Philadelphia, Pennsylvania; USA},
  month = {July 27--31},
  year={1997},
  myorganization={Association for Computing Machinery},
  myurl=" http://reference.kfupm.edu.sa/content/e/f/effective_use_of_natural_language_proces_223118.pdf",
  annote="beschreiben integration von POS und morphologie"
}

@article{wilks1998grammar,
  title={{The grammar of sense: Using part-of-speech tags as a first step in semantic disambiguation}},
  author={Wilks, Y. and Stevenson, M.},
  journal={Natural Language Engineering},
  volume={4},
  number={2},
  pages={135--143},
  year={1998},
  mypublisher={Cambridge University Press},
  annote="anschauen, beschreibt evtl. pipeline-konzept"
}

@conference{gietz6textgrid,
  title={{TextGrid and eHumanities}},
  author={Gietz, P. and Aschenbrenner, A. and Budenbender, S. and Jannidis, F. and Küster, M.W. and Ludwig, C. and Pempe, W. and Vitt, T. and Wegstein, W. and Zielinski, A.},
  fullauthor="Peter Gietz, Andreas Aschenbrenner, Stefan Büdenbender, Fotis Jannidis, Marc Wilhelm Küster, Christoph Ludwig, Wolfgang Pempe, Thorsten Vitt, Werner Wegstein, Andrea Zielinski",
  booktitle={Proceedings of the Second IEEE International Conference on e-Science and Grid Computing (E-SCIENCE '06)},
  pages={133--141},
  year={2006},
  address="Amsterdam",
  myorganization={IEEE Computer Society}
}

@inproceedings{aschenbrenner-textgrid,
  title={{TextGrid. A modular platform for collaborative textual editing}},
  author={Aschenbrenner, A. and Gietz, P. and K{ü}ster, M.W. and Ludwig, C. and Neuroth, H.},
    fullauthor="Andreas Aschenbrenner, Peter Gietz, Marc Wilhelm Küster, Christoph Ludwig and Heike Neuroth",
  booktitle={Proceedings of the International Workshop on Digital Library
Goes e-Science (DLSci06)},
  year="2006",
  nomonth="September 21, 2006",
  address="Alicante, Spain",
  pages="27--36",
  mypublisher={Citeseer}
}

@InProceedings{crysmann2001integrated,
  author={Crysmann, B. and Frank, A. and Kiefer, B. and M{ü}ller, S. and Neumann, G. and Piskorski, J. and Schäfer, U. and Siegel, M. and Uszkoreit, H. and Xu, F. and Becker, M. and Krieger, H. },
  fullauthor    = {Berthold Crysmann  and  Anette Frank  and  Kiefer Bernd  and  Stefan Mueller  and  Guenter Neumann  and  Jakub Piskorski  and  Ulrich Schaefer  and  Melanie Siegel  and  Hans Uszkoreit  and  Feiyu Xu  and  Markus Becker  and  Hans-Ulrich Krieger},
  title={{An integrated architecture for shallow and deep processing}},
    booktitle = {Proceedings of 40th Annual Meeting of the Association for Computational Linguistics},
  month     = {July},
  year      = {2002},
  address   = {Philadelphia, Pennsylvania, USA},
  mypublisher = {Association for Computational Linguistics},
  pages     = {441--448},
  myurl       = {http://www.aclweb.org/anthology/P02-1056},
  mydoi       = {10.3115/1073083.1073157}
}

@conference{bikel2002design,
  title={{Design of a multi-lingual, parallel-processing statistical parsing engine}},
  author={Bikel, D.M.},
  booktitle={Proceedings of the second international conference on Human Language Technology Research (HLT 2002)},
  mypages={178--182 (citeseer hat andere angaben)},
  year={2002},
  myorganization={Morgan Kaufmann Publishers Inc.},
  myaddress="San Francisco, CA, USA evtl. der publisher"
}

@conference{mcmillian2008distributed,
  title={{Distributed listening: a parallel processing approach to automatic speech recognition}},
  author={McMillian, Y. and Gilbert, J.E.},
  booktitle={Proceedings of the 46th Annual Meeting of the Association for Computational Linguistics on Human Language Technologies},
  pages={173--176},
  year={2008},
  myorganization={Association for Computational Linguistics}
}


@conference{luis2009high,
  title={{High-performance high-volume layered corpora annotation}},
  author={Luís, T. and de Matos, D.M.},
  booktitle={Proceedings of the Third Linguistic Annotation Workshop (LAW-III) held in conjunction with ACL-IJCNLP 2009},
  pages={99--107},
  nomonth="August",
  address="Singapore",
  year={2009},
  myorganization={Association for Computational Linguistics}
}


@article{carl2000towards,
  title={{Towards a dynamic linkage of example-based and rule-based machine translation}},
  author={Carl, M. and Pease, C. and Iomdin, L.L. and Streiter, O.},
  journal={Machine Translation},
  volume={15},
  number={3},
  pages={223--257},
  year={2000},
  mypublisher={Springer}
}


@incollection{streiter2000learning,
  title={{Learning, forgetting and remembering: Statistical support for rule-based MT}},
  author={Streiter, O. and Iomdin, L.L. and Hong, M. and Hauck, U.},
  fullauthor="Streiter, Oliver, L. L. Iomdin, Munpyo Hong \& Ute Hauck",
  booktitle={Proceedings of 8th International Conference on Theoretical and Methodological Issues in Machine Translation (TMI 1999)},
  nomonth="August", year="1999", address="Chester, UK",
  year={2000}}

@misc{leech1996eagles,
  title={{EAGLES recommendations for the morphosyntactic annotation of corpora}},
  note="Version of March 1996",
  author={Leech, G. and Wilson, A.},
  url="http://www.ilc.cnr.it/EAGLES/annotate/annotate.html",
  year={1996}
}

@conference{atwell1994amalgam,
  title={{AMALGAM: Automatic Mapping Among Lexico-Grammatical Annotation Models}},
  author={Atwell, E. and Hughes, J. and Souter, C.},
  fullauthor="Atwell, Eric and John Hughes
and Clive Souter",
  booktitle_full={Proceedings of the Workshop on The Balancing Act: Combining Symbolic and Statistical Approaches to Language, held in conjunction with the 32nd Annual Meeting of the ACL},
  booktitle={Proc. ACL 1994 Workshop on The Balancing Act: Combining Symbolic and Statistical Approaches to Language},
  nonomonth="July",
  address="Las Cruces, New Mexico, USA",
  pages="21--28",
  year={1994}
}


@incollection{kotsyba2008principles,
  title={{Principles of organising a common morphological tagset for PolUKR (Polish-Ukrainian Parallel Corpus)}},
  author={Kotsyba, N. and Shypnivska, O. and Turska, M.},
  editor="K{\l}opotek, M. A., Przepiórkowski, A., Wierzcho\'n, S. T., and Trojanowski, K.",
booktitle="Intelligent Information Systems", publisher="Akademicka Oficyna
Wydawnicza EXIT", address="Warsaw",
  pages={475--484},
  year={2008}
}

@incollection{dimitrovaa-comparing,
  title={{Comparing Bulgarian and Slovak Multext-East morphology tagset}},
  author={Dimitrova, L. and Garabík, R. and Majchráková, D.},
  booktitle={Organization and Development of Digital Lexical Resources},
  pages={38--46},
  year="2009",
address="Kyiv", publisher="Dovira Publishing House" }


@misc{rosen-morphological,
  title={{Morphological Tags in Parallel Corpora}},
  author={Rosen, A.},
howpublished="unpublished ms.",
url="http://utkl.ff.cuni.cz/~rosen/public/unitags_pap.pdf",
year="2010",
}

@conference{zeman2008reusable,
  title={{Reusable Tagset Conversion Using Tagset Drivers}},
  author={Zeman, D.},
  fullbooktitle={Proceedings of the 6th International Conference on Language Resources and Evaluation (LREC 2008)},
  booktitle={Proc. LREC 2008},
  address="Marrakech, Morocco",
  nomonth="May",
  mypages={2--9517408},
  year={2008},
  annote="wenn das hier zitiert wird, dann immer auch auf teufel95 hinweisen, denn das ist ätzend unoriginell"
}



@inproceedings{baskaran-etal08-indiantagset, author="Baskaran, S. and
Bali,K. and Bhattachrya, T. and Bhattachrya, P. and Jha, G. N. and Rajendran,
S. and Saravanan, K. and Sobha, L. and Subbarao,  K. V.", year="2008", Title =
{Designing a Common POS-Tagset Framework for Indian Languages}, Booktitle
= {6th Workshop on Asian Language Resources}, pages = {89-92}, address =
{Hyderabad, India} }

@conference{erjavec2004multext,
  fulltitle={{MULTEXT-East version 3: Multilingual morphosyntactic specifications, lexicons and corpora}},
  title={{MULTEXT-East version 3}},
  author={Erjavec, T.},
  fullbooktitle={Fourth International Conference on Language Resources and Evaluation, (LREC 2004)},
  booktitle={Proc. LREC 2004},
    address="Lisboa, Portugal",
  nomonth="May",
  pages={1535--1538},
  year={2004},
}


@conference{calzolari2002broadening,
  title={{Broadening the scope of the EAGLES/ISLE lexical standardization initiative}},
  author={Calzolari, N. and della Ricerca, A. and Moruzzi, V. and Lenci, A. and Maria, V.S. and Bertagna, F. and Zampolli, A.},
  booktitle={Proceedings of the 3rd Workshop on Asian Language Resources and International Standardization},
  address={Taipei, Taiwan},
  pages={9--16},
  year={2002}
}

 @inproceedings{zampolli97,
        author={Zampolli, A.},
        title = {{The PAROLE Project in R}},
        booktitle = {The General Context of the European Actions for Language Resources, Proceedings of the Second European Seminar: Language
Applications for Multilingual Europe},
        publisher="TELRI",
        address = {Kaunas, Lithuania},
        pages = {185-210},
        year = {1997},
        editor=" R. Marcinkeviciene, N. Volz"
}

@conference{khoja2001tagset,
  title={{A tagset for the morphosyntactic tagging of Arabic}},
  author={Khoja, S. and Garside, R. and Knowles, G.},
  booktitle={Corpus Linguistics 2001 conference}, address="Lancaster",
  year={2001}
}


@phdthesis{kawata-tagsets,
  title={{Tagsets for morphosyntactic corpus annotation: The idea of a `reference tagset' for Japanese}},
  author={Kawata, Y.},
  year="2005",
  institution="University of Essex",
  address="Colchester, UK" }


@conference{ide2004registry,
  title={{A registry of standard data categories for linguistic annotation}},
  author={Ide, N. and Romary, L.},
  fullbooktitle={Proceedings of the Fourth Language Resources and Evaluation Conference (LREC 2004)},
  booktitle={Proc. LREC 2004},
  address="Lisboa, Portugal",
  nomonth="May",
  pages={135--39},
  year={2004},
}


@conference{kemps2008isocat,
  title={{ISOcat: Corralling data categories in the wild}},
  author={Kemps-Snijders, M. and Windhouwer, M. and Wittenburg, P. and Wright, S.E.},
  fullbooktitle={Proceedings of the International Conference on Language Resources and Evaluation (LREC 2008)},
  booktitle={Proc. LREC 2008},
  address="Marrakech, Morocco",
  nomonth="May",
  year={2008}
}


@inproceedings{sloetjes2008annotation,
  title={{Annotation by category: Elan and iso dcr}},
  author={Sloetjes, H. and Wittenburg, P.},
  booktitle={Proceedings of the International Conference on Language Resources and Evaluation (LREC 2008)},
  address=" Marrakech, Morocco", nomonth="May",
  year={2008}
}

@InProceedings{dechalendar-nouvel:2009:SETQA-NLP,
  fullauthor    = {de Chalendar, Ga\"{e}l  and  Nouvel, Damien},
    author    = {de Chalendar, G.  and  Nouvel, D.},
  title     = {Modular resource development and diagnostic evaluation framework for fast {NLP} system improvement},
  booktitle = {Proceedings of the Workshop on Software Engineering, Testing, and Quality Assurance for Natural Language Processing (SETQA-NLP 2009)},
  month     = {June},
  year      = {2009},
  address   = {Boulder, Colorado},
  mypublisher = {Association for Computational Linguistics},
  pages     = {65--73},
  myurl       = {http://www.aclweb.org/anthology/W09-1511}
}

@techreport{bakker1993eurotyp,
  title={{EUROTYP guidelines}},
  author={Bakker, D. and Dahl, O. and Haspelmath, M. and Koptjevskaja-Tamm, M. and Lehmann, C. and Siewierska, A.},
  year="1993",
fullauthor="Dik Bakker,Osten Dahl, Martin Haspelmath, Maria
Koptjevskaja-Tamm, Christian Lehmann, and Anna Siewierska",
institution="European Science Foundation Programme in Language Typology "
}

@conference{farrar2003markup,
  title={{Markup and the GOLD ontology}},
  author={Farrar, S. and Langendoen, D.T.},
  booktitle={EMELD Workshop on Digitizing and Annotating Text and Field Recordings},
  publisher="Michigan State University",
  nomonth="July",
  myurl="http://emeld.org/workshop/2003/proceeding03.html#papers",
  year={2003},
}

@article{farrar2003linguistic,
  title={{A linguistic ontology for the semantic web}},
  author={Farrar, S. and Langendoen, D.T.},
  journal={Glot International},
  volume={7},
  number={3},
  pages={97--100},
  year={2003},
}

@inproceedings{bickel-nichols02, author="Bickel, B. and Nichols, J.",
year="2002", title="Autotypologizing databases and their use in fieldwork",
booktitle="Proc. LREC 2002 Workshop on Resources and Tools in
Field Linguistics", address="Las Palmas, Spain", nomonth="May" }


@conference{saulwick2005distributed,
  title={{Distributed tasking in ontology mediated integration of typological databases for linguistic research}},
  author={Saulwick, A. and Windhouwer, M. and Dimitriadis, A. and Goedemans, R.},
  booktitle={Proc. 17th Conf. on Advanced Information Systems Engineering (CAiSE'05)},
  address="Porto",
  year={2005},
}

@misc{bickel-nichols07-autotyp-principles,
        title="The goals and principles of {AUTOTYP}",
        howpublished="\url{http://www.uni-leipzig.de/~autotyp/theory.html}",
        author="Bickel, B. and Nichols, J.",
        fullauthor="Balthasar Bickel and Johanna Nichols",
        year="2000",
        note="version of 01/12/2007"
}


@InProceedings{wilcock07,
  author    = {Wilcock, Graham},
  title     = {{An OWL ontology for HPSG}},
  booktitle = {Proceedings of the 45th Annual Meeting of the Association for Computational Linguistics},
  month     = {June},
  year      = {2007},
  address   = {Prague, Czech Republic},
  pages     = {169--172},
}


@conference{goecke2005gold,
  title={{GOLD and discourse: Domain-and community-specific extensions}},
  author={Goecke, D. and L{ü}ngen, H. and Sasaki, F. and Witt, A. and Farrar, S.},
  booktitle={Proceedings of the E-MELD Workshop on Morphosyntactic Annotation and Terminology: Linguistic Ontologies and Data Categories for Language Resources},
  nomonth="July",
  address="Cambridge, Massachusetts",
  year={2005}
}


@article{cysouw2005can,
  title={{Can GOLD cope with WALS? Retrofitting an ontology onto the World Atlas of Language Structures}},
  author={Cysouw, M. and Good, J. and Albu, M. and Bibiko, H.J.},
  journal={Proceedings of the E-MELD Workshop on Morphosyntactic Annotation and Terminology: Linguistic Ontologies and Data Categories for Language Resources},
  year={2005},
  nomonth="July",
  address="Cambridge, Massachusetts",
}

@book{haspelmath2005world,
  title={{The World Atlas of Language Structures}},
  author={Haspelmath, M. and Dryer, M.S. and Bibiko, H.J. and Gil, D. and Comrie, B. and Hagen, J. and Schmidt, C.},
  year={2005},
  publisher={Oxford University Press, USA}
}


@conference{cimiano2003ontology,
  title={{Ontology-based semantic construction, underspecification and disambiguation}},
  author={Cimiano, P. and Reyle, U.},
  booktitle={Proc. Lorraine/Saarland Workshop on Prospects and Recent Advances in the Syntax-Semantics Interface},
  nomonth="October",
address="Nancy, France",
  pages={33--38},
  year={2003}
}


@inproceedings{deCea-atal04, author="Aguado  de Cea, G. and Gomez-Perez,
A. and Alvarez de Mon, I. and Pareja-Lora, A.", year="2004", fulltitle="{OntoTag's
linguistic ontologies: Improving semantic web annotations for a better language
understanding in machines}",
title="{OntoTag's
linguistic ontologies}",
fullbooktitle="Proceedings of the International
Conference on Information Technology: Coding and Computing (ITCC'04)",
booktitle="Proc. Information Technology: Coding and Computing (ITCC'04)",
address="Washington, DC, USA" }

@conference{coppola2009frame,
  title={{Frame Detection over the Semantic Web}},
  author={Coppola, B. and Gangemi, A. and Gliozzo, A. and Picca, D. and Presutti, V.},
  booktitle={Proceedings of the 6th European Semantic Web Conference on The Semantic Web: Research and Applications (ESCW 2009)},
  nomonth="May 31-June 04", address="Heraklion, Crete",
  year={2009},
}

@inproceedings{gangemi2003ontowordnet,
        title = {{The OntoWordNet project: Extension and axiomatization of conceptual
	relations in {W}ord{N}et}},
  author={Gangemi, A. and Navigli, R. and Velardi, P.},
        booktitle = {Proceedings of On the Move to Meaningful Internet Systems (OTM2003)},
        address="Catania, Italy",
        editor = {R. Meersman and Z. Tari},
        pages = {820--838},
        year = "2003"
}

@article{scheffczyk2006linking,
  title={{Linking FrameNet to the suggested upper merged ontology}},
  author={Scheffczyk, J. and Pease, A. and Ellsworth, M.},
  journal={Frontiers in Artificial Intelligence and Applications},
  volume={150},
  year={2006},
}



@conference{hovy2006ontonotes,
  title={{Ontonotes: the 90\% solution}},
  author={Hovy, E. and Marcus, M. and Palmer, M. and Ramshaw, L. and Weischedel, R.},
  booktitle={Conference of the North American Chapter of the Association for
Computational Linguistics on Human Language Technology (HLT-NAACL
2006)}, address="New York", nomonth="June",
  pages={57--60},
  year={2006},
}


@article{ide2004international,
  title={{International standard for a linguistic annotation framework}},
  author={Ide, N. and Romary, L.},
  journal={Natural language engineering},
  volume={10},
  number={3-4},
  pages={211--225},
  year={2004},
  mypublisher={Cambridge Univ Press}
}

@conference{wright2004global,
  title={{A global data category registry for interoperable language resources}},
  author={Wright, S.E.},
  booktitle={Proceedings of the Fourth Language Resources and Evaluation Conference (LREC 2004)},
  address="Lisboa, Portugal",
  nomonth="May",
  pages={123--126},
  year={2004}
}

@misc{chiarcos-goetze07-gldv,
    author="C. Chiarcos and M. Götze",
    year="2007",
    title="A Linguistic Database with Ontology-sensitive Corpus Querying",
    howpublished="system demonstration at Datenstrukturen für linguistische Ressourcen und ihre Anwendungen. Frühjahrstagung der Gesellschaft für Linguistische Datenverarbeitung (GLDV 2007). Tübingen, Germany, April 2007"
}


@article{chiarcos-ontology,
  fullAUTHOR = {Christian Chiarcos},
  AUTHOR = {Chiarcos, C.},
  TITLE = {An ontology of linguistic annotations},
  JOURNAL = {LDV Forum},
  nonote="Foundations of Ontologies in Text Technology, Part II: Applications",
  YEAR = {2008},
  VOLUME = {23},
  NUMBER = {1},
  PAGES = {1-16}
}

@conference{schmidt2006avoiding,
  fulltitle={{Avoiding data graveyards: From heterogeneous data collected in multiple research projects to sustainable linguistic resources}},
  title={{Avoiding data graveyards}},
  fullauthor={Schmidt, T. and Chiarcos, C. and Lehmberg, T. and Rehm, G. and Witt, A. and Hinrichs, E.},
  author={Schmidt, T. and Chiarcos, C. and Lehmberg, T. and others},
  booktitle={Proc. E-MELD Workshop 2006},
nomonth="June", address="Ypsilanti",
  year={2006}
}


@article{chiarcos2007ontology,
  title={{An ontology of linguistic annotation: Word classes and morphology}},
  author={Chiarcos, C.},
  journal={Proc. DIALOG},
  volume={2007},
  year={2007},
  publisher={Citeseer}
}


@article{rehm2009sustainability,
  title={{Sustainability of annotated resources in linguistics: A web-platform for exploring, querying, and distributing linguistic corpora and other resources}},
  author={Rehm, G. and Schonefeld, O. and Witt, A. and Hinrichs, E. and Reis, M.},
  journal={Literary and Linguistic Computing},
  year={2009},
  publisher={ALLC}
}


@inproceedings{rehm2owl,
  title={{An OWL-and XQuery-based mechanism for the retrieval of linguistic patterns from XML-corpora}},
  author={Rehm, G. and Eckart, R. and Chiarcos, C.},
  booktitle={Proc. RANLP 2007},
  nomonth="September", address="Borovets, Bulgaria",
  year="2007",
}

@inproceedings{buyko-etal08, author="Buyko, E. and Chiarcos, C. and
Pareja-Lora, A.", fullauthor="Buyko, Ekaterina  and Chiarcos, Christian and
Pareja-Lora, Antonio", year="2008", title="Ontology-Based Interface
Specifications for a {NLP} Pipeline Architecture",
  fullbooktitle={Proceedings of the International Conference on Language Resources and Evaluation (LREC 2008)},
  booktitle={Proc. LREC 2008},
  address="Marrakech, Morocco",
  nomonth="May"
}

@conference{kermes2003text,
  title={{Text analysis meets corpus linguistics}},
  author={Kermes, H. and Evert, S.},
  booktitle={Proceedings of Corpus Linguistics 2003},
  year={2003},
  organization={Citeseer}
}

@conference{kermes2002yac,
  title={{YAC -- A recursive chunker for unrestricted German text}},
  author={Kermes, H. and Evert, S.},
  booktitle={Proceedings of the Third International Conference on Language Resources and Evaluation (LREC 2002)},
  address="Las Palmas, Spain",
  nomonth="May",
  pages={1805--1812},
  year={2002},
}

@article{marcus1994building,
  title={{Building a large annotated corpus of English: The Penn Treebank}},
  author={Marcus, M.P. and Santorini, B. and Marcinkiewicz, M.A.},
  journal={Computational Linguistics},
  volume={19},
  number={2},
  pages={313--330},
  year={1994}
}

@inproceedings{connexor97, author="Tapanainen, P. and Järvinen, T.",
fullauthor="Pasi Tapanainen and Timo Järvinen", year="1997", title="A
nonprojective dependency parser", fullbooktitle="Proc. 5th
Conference on Applied Natural Language Processing",
booktitle="Proc. 5th
Conference on Applied NLP",
address="Washington,
DC", pages="64-71", nomonth="April" }

@book{sampson1995english,
  title={{English for the computer: The SUSANNE corpus and analytic scheme}},
  author={Sampson, G.},
  year={1995},
  publisher={Oxford University Press}
}


@inproceedings{mandel2006integrated,
  title={{Integrated Annotation of Biomedical Text: Creating the PennBioIE corpus}},
  author={Mandel, M.},
  booktitle={Text Mining Ontologies and Natural Language Processing in Biomedicine},
  address={Manchester, UK},
  year={2006}
}


@article{kim2003genia,
  title={{GENIA corpus-a semantically annotated corpus for bio-textmining}},
  author={Kim, J.D. and Ohta, T. and Tateisi, Y. and Tsujii, J.},
  journal={Bioinformatics},
  volume={19},
  number={1},
  pages={180--182},
  year={2003},
  mypublisher={Oxford Univ Press}
}

@techreport{schiller1999guidelines,
  title={{Guidelines für das Tagging deutscher Textcorpora mit STTS}},
  author={Schiller, A. and Teufel, S. and Thielen, C. and Stöckert, C.},
  institution={University of Stuttgart, University of Tübingen},
  year={1999}
}

@conference{brants2002developments,
  fulltitle={{Developments in the TIGER annotation scheme and their realization in the corpus}},
  title={{Developments in the TIGER annotation scheme}},
  author={Brants, S. and Hansen, S.},
    fullbooktitle={Proceedings of the Third International Conference on Language Resources and Evaluation (LREC 2002)},
    booktitle={Proc. LREC 2002},
  address="Las Palmas, Spain",
  nomonth="May",
  pages={1643--1649},
  year={2002},
}

@conference{zielinski2008morphisto,
  title={{Morphisto: An open-source morphological analyzer for German}},
  author={Zielinski, A. and Simon, C.},
  fullbooktitle={Proceedings of the Conference on Finite State Methods in Natural Language Processing (FSMNLP)},
  booktitle={Proc. Finite State Methods in NLP (FSMNLP)},
  nomonth="September",
  address="Ispra, Italy",
  year={2008}
}


@inproceedings{schmid-laws08, fullauthor={Helmut Schmid and Florian Laws},
author={Schmid, H. and Laws, F.}, title={Estimation of Conditional Probabilities
with Decision Trees and an Application to Fine-Grained POS Tagging},
fullbooktitle={Proceedings of the 22nd International Conference on Computational
Linguistics (COLING 2008)},
booktitle={Proc. COLING 2008},
address="Manchester, UK", nomonth="August",
year="2008" }

@incollection{meyer03, author="Meyer, R.", fullauthor="Roland Meyer",
year="2003", title="{Halbautomatische morphosyntaktische Annotation
russischer Texte}", editor="Hammel, R. and L. Geist", booktitle="Linguistische
Beiträge zur Slavistik aus Deutschland und Österreich. X.
JungslavistInnen-Treffen, Berlin 2001", address="München",
publisher="Sagner", pages="92--105" }



@conference{sharoff2008designing,
  title={{Designing and evaluating Russian tagsets}},
  author={Sharoff, S. and Kopotev, M. and Erjavec, T. and Feldman, A. and Divjak, D.},
  fullbooktitle={Proceedings of the 6th International Conference on Language Resources and Evaluation (LREC 2008)},
  booktitle={Proc. LREC 2008},
  address="Marrakech, Morocco",
  nomonth="May",
  year={2008}
}

@book{isis07, editor="Dipper, S. and Götze, M. and Skopeteas, S.",
fulleditor="Dipper, Stefanie and Götze, Michael and Skopeteas, Stavros",
year="2007", title="Information Structure in Cross-Linguistic Corpora:
{Annotation} Guidelines for Phonology, Morphology, Syntax, Semantics, and
Information Structure", series="Interdisciplinary Studies on Information
Structure (ISIS); 7",
nopublisher="Universitätsverlag Potsdam", noaddress="Potsdam, Germany" }


@article{petrova-etal09, fullauthor="Petrova, Svetlana and Chiarcos, Christian
and Ritz, Julia and Solf, Michael and Zeldes, Amir", author="Petrova, S. and
Chiarcos, C. and Ritz, J. and Solf, M. and Zeldes, A.", year="2009", title="
Building and using a richly annotated interlinear diachronic corpus: {The case
of Old High German Tatian}", journal="Traitement automatique des langues et
langues anciennes", volume="50", number="2", pages="47-71" }

@inproceedings{wagner-zeisler04, author="Wagner, A. and Zeisler, B.",
fullauthor="Wagner, Andreas and Zeisler, Bettina", year="2004", title="A
syntactically annotated corpus of {Tibetan}",
  fullbooktitle={Fourth International Conference on Language Resources and Evaluation (LREC 2004)},
  booktitle={Proc. LREC 2004},
    address="Lisboa, Portugal",
  nomonth="May"
}

@conference{skut1998linguistically,
  title={{A linguistically interpreted corpus of German newspaper text}},
  author={Skut, W. and Brants, T. and Krenn, B. and Uszkoreit, H.},
  fullbooktitle={Proceedings of the ESSLLI Workshop on Recent Advances in Corpus Annotation},
  booktitle={Proc. ESSLLI Workshop on Recent Advances in Corpus Annotation},
  nomonth="August", address="Saarbrücken, Germany",
  year={1998}
}


@conference{brants2002tiger,
  title={{The TIGER treebank}},
  author={Brants, S. and Dipper, S. and Hansen, S. and Lezius, W. and Smith, G.},
  booktitle={Proceedings of the Workshop on Treebanks and Linguistic Theories},
  nomonth="September", address="Sozopol, Bulgaria",
  pages={24--41},
  year={2002}
}


@conference{stede2004potsdam,
  title={{The Potsdam Commentary Corpus}},
  author={Stede, M.},
  booktitle={Proceedings of the ACL-2004 Workshop on Discourse Annotation},
  address="Barcelona, Spain",
  pages={96--102},
  year={2004},
}


@conference{schmid1994probabilistic,
  title={{Probabilistic part-of-speech tagging using decision trees}},
  author={Schmid, H.},
  booktitle={Proceedings of International Conference on New Methods in Language Processing},
  year={1994},
  address={Manchester, UK}
}


@conference{toutanova2003feature,
  title={{Feature-rich part-of-speech tagging with a cyclic dependency network}},
  author={Toutanova, K. and Klein, D. and Manning, C.D. and Singer, Y.},
  booktitle={Proceedings of the 2003 Conference of the North American Chapter of the Association for Computational Linguistics on Human Language Technology (HLT-NAACL 2003)},
  nomonth="May",
  address="Edmonton, Canada",
  year={2003},
  myorganization={Association for Computational Linguistics}
}


@inproceedings{klein2003accurate,
  author={Klein, D. and Manning, C.D.},
   fullauthor    = {Dan Klein  and  Christopher D. Manning},
  title     = {Accurate Unlexicalized Parsing},
  booktitle = {Proceedings of the 41st Annual Meeting of the Association for Computational Linguistics},
  month     = {July},
  year      = {2003},
  address   = {Sapporo, Japan},
  pages     = {423--430},
}


@conference{petrov2007improved,
  title={{Improved inference for unlexicalized parsing}},
  author={Petrov, S. and Klein, D.},
  booktitle={Proceedings of the Conference of the North American Chapter of the Association for
Computational Linguistics on Human Language Technology (HLT-NAACL
2007)}, address="Rochester, NY", nomonth="April",
  pages={404--411},
  year={2007}
}


@InProceedings{chiarcos-ritz-stede:2009:LAW-III,
 fullauthor    = {Chiarcos, Christian  and  Ritz, Julia  and  Stede, Manfred},
  fullauthor    = {Chiarcos, C. and  Ritz, J. and  Stede, M.},
  title     = {By all these lovely tokens... {M}erging Conflicting Tokenizations},
  booktitle = {Proceedings of the Third Linguistic Annotation Workshop (LAW-III), held in conjunction with ACL-IJCNLP 2009},
  month     = {August},
  year      = {2009},
  address   = {Singapore},
  pages     = {35--43},
}


@conference{aguado2002pareja,
        author="Aguado de Cea, G. and de Mon-Rego, Á. I. and  Pareja-Lora, A. and Plaza-Arteche, R.",
        year="2002",
        title="OntoTag: A Semantic Web Page Linguistic Annotation Model",
  booktitle={Proceedings of the ECAI 2002 Workshop on Semantic Authoring, Annotation and Knowledge Markup},
  address="Lyon, France", nomonth="July"
}


@inproceedings{hellmann10, fullauthor="Hellmann, Sebastian", author="Hellmann, S.",
year="2010", title="The Semantic Gap of Formalized Meaning",
booktitle="Proc. 7th Extended Semantic Web Conference
(ESWC 2010)", address="Heraklion, Greece"
}

@article{sirin2007pellet,
  title={{Pellet: A practical OWL/DL reasoner}},
  author={Sirin, E. and Parsia, B. and Grau, B.C. and Kalyanpur, A. and Katz, Y.},
  journal={Web Semantics: Science, Services and Agents on the World Wide Web},
  volume={5},
  number={2},
  pages={51--53},
  year={2007},
}

@inproceedings{buitelaar06, fullauthor="Buitelaar, Paul and Declerck, Thierry
and Frank, Anette and Racioppa, Stefania and Kiesel, Malte and Sintek, Michael
and Engel, Ralf and Romanelli, Massimo and Sonntag, Daniel and Loos,
Berenike and Micelli , Vanessa and Porzel , Robert and Cimiano, Philipp",
author="Buitelaar, P. and Declerck, T. and Frank, A. and Racioppa, S. and
Kiesel, M. and Sintek, M. and Engel, R. and Romanelli, M. and Sonntag, D.  and
Loos, B. and Micelli, V. and Porzel, R. and Cimiano, P.", title="{LingInfo: Design
and applications of a model for the integration of linguistic information in
ontologies}", booktitle="Proceedings of the 5th International Conference on
Language Resources and Evaluation (LREC 2006)", address="Genoa, Italy",
nomonth="May", year="2006" }

@InProceedings{DAVIS08.911,
  fullauthor = {Davis, Brian and Handschuh, Siegfried and Troussov, Alexander and Judge, John  and Sogrin, Mikhail },
    author = {Davis, B. and Handschuh, S. and Troussov, A.  and Judge, J. and Sogrin, M.},
  title = {Linguistically Light Lexical Extensions for Ontologies},
  booktitle = {Proceedings of the Sixth International Conference on Language Resources and Evaluation (LREC 2008)},
  year = {2008},
  month = {May},
  address = {Marrakech, Morocco},
  }


@InProceedings{AGUADODECEA08.345,
  fullauthor = {Aguado de Cea, Guadalupe and Puch, Javier  and Ramos, José Ángel},
    author = {Aguado de Cea, G. and Puch, J. and Ramos, J.Á.},
  title = {Tagging {Spanish} Texts: {The} Problem of ``SE''},
  booktitle = {Proceedings of the Sixth International Conference on Language Resources and Evaluation (LREC 2008)},
  year = {2008},
  month = {May},
  address = {Marrakech, Morocco},
  }



@article{halteren2001improving,
  title={{Improving accuracy in word class tagging through the combination of machine learning systems}},
  author={Halteren, H. and Zavrel, J. and Daelemans, W.},
  journal={Computational Linguistics},
  volume={27},
  number={2},
  pages={199--229},
  year={2001},
  mypublisher={MIT Press}
}


@conference{zavrel-daelemans00bootstrapping,
  fullauthor    = {Jakub Zavrel and
               Walter Daelemans},
author    = {Zavrel, J. and
               Daelemans, W.},
  title     = {Bootstrapping a Tagged Corpus through Combination of Existing
               Heterogeneous Taggers},
booktitle="Proceedings of the 2nd International Conference on Language
Resources and Evaluation (LREC 2000)", nomonth="May, 31st -- June, 2nd",
address="Athens, Greece",
  year      = {2000},
}

@conference{borin00,
        title="Something Borrowed, Something Blue: {Rule}-Based Combination of {POS}
Taggers",
        fullauthor="Lars Borin",
        author="Borin, L.",
        year="2000",
booktitle="Proceedings of the 2nd International Conference on Language
Resources and Evaluation (LREC 2000)", nomonth="May, 31st -- June, 2nd",
address="Athens, Greece"
}



@conference{tufis2000using,
  title={{Using a large set of EAGLES-compliant morpho-syntactic descriptors as a tagset for probabilistic tagging}},
  author={Tufi{\c{s}}, D.},
  year="2000",
booktitle="Proceedings of the 2nd International Conference on Language
Resources and Evaluation (LREC 2000)", nomonth="May, 31st -- June, 2nd",
address="Athens, Greece",
  pages={1105--1112},
}


@inproceedings{francopoulo2006morpho,
  title={{Morpho-syntactic Profile in the ISO-TC37/SC4 Data Category Registry}},
  author={Francopoulo, G. and Monachini, M. and Declerck, T. and Romary, L.},
  booktitle={Proc. LREC 2006},
  address="Genova, Italy",
  year={2006}
}

@article{kemps2009isocat,
  title={{ISOcat: {Remodelling} metadata for language resources}},
  author={Kemps-Snijders, M. and Windhouwer, M. and Wittenburg, P. and Wright, S.E.},
  journal={International Journal of Metadata, Semantics and Ontologies},
  volume={4},
  number={4},
  pages={261--276},
  year={2009},
  publisher={Inderscience}
}

@article{knublauch2004protege,
  fulltitle={{The Prot{\'e}g{\'e} OWL plugin: An open development environment for semantic web applications}},
  title={{The Prot{\'e}g{\'e} OWL plugin}},
  author={Knublauch, H. and Fergerson, R.W. and Noy, N.F. and Musen, M.A.},
  journal={The Semantic Web--ISWC 2004},
  pages={229--243},
  year={2004},
  publisher={Springer}
}

@conference{brants2000tnt,
  title={{TnT--a statistical part-of-speech tagger}},
  author={Brants, T.},
  year={2000},
  booktitle={Proc. ANLP 2000}
}


@article{stuckardt2001design,
  title={{Design and enhanced evaluation of a robust anaphor resolution algorithm}},
  author={Stuckardt, R.},
  journal={Computational Linguistics},
  volume={27},
  number={4},
  pages={479--506},
  year={2001},
  publisher={MIT Press}
}


@techreport{teufel1996eagles,
  title={{EAGLES specifications for German morphosyntax}},
  author={Teufel, S. and Stöckert, C.},
  year={1996},
  institution={Universität Stuttgart}
}


@misc{reste,
note={
\begin{verbatim}
S. Brants and S. Hansen. 2002. Developments in the TIGER annotation scheme and their realization in the corpus. In Proceedings of the Third International Conference on Language Resources and Evaluation (LREC 2002), pages 1643-1649, Las Palmas, Spain, May.

W. Skut, T. Brants, B. Krenn, and H. Uszkoreit. 1998. A linguistically interpreted corpus of German newspaper text. In In Proceedings of the ESSLLI Workshop on Recent Advances in Corpus Annotation, Saarbrucken, Germany, August

M.P. Marcus, B. Santorini, and M.A. Marcinkiewicz. 1994. Building a large annotated corpus of English: The Penn Treebank. Computational linguistics, 19(2):313-330

G. Sampson. 1995. English for the computer: the SUSANNE corpus and analytic scheme. Oxford University Press.

P. Tapanäinen and T. Järvinen. 1997. A nonprojective dependency parser. In Proceedings of the 5th Conference on Applied Natural Language Processing, pages 64-71, Washington, DC, April.

N. Ide and L. Romary. 2004. A registry of standard data categories for linguistic annotation. In Proceedings of the Fourth Language Resources and Evaluation Conference (LREC 2004), pages 135-39, Lisboa, Portugal, May.

M. Kemps-Snijders, M. Windhouwer, P. Wittenburg, and S.E. Wright. 2009. ISOcat: remodelling meta-data for language resources. International Journal of Metadata, Semantics and Ontologies, 4(4):261-276.

S. Farrar and D.T. Langendoen. 2003. Markup and the GOLD ontology. In EMELD Workshop on Digitizing and Annotating Text and Field Recordings. Michigan State University, July.

A. Saulwick, M. Windhouwer, A. Dimitriadis, and R. Goedemans. 2005. Distributed tasking in ontology mediated integration of typological databases for linguistic research. In Proceedings of the 17th Conference on Advanced Information Systems Engineering (CAiSE'05), Porto

G. Aguado de Cea, A. Gomez-Perez, I. Alvarez de Mon, and A. Pareja-Lora. 2004. OntoTag's linguistic ontologies: Improving semantic web annotations for a better language understanding in machines. In Proceedings of the International Conference on Information Technology: Coding and Computing (ITCC'04), Washington, DC, USA.
\end{verbatim}
}
}


@article{cunningham2002gate,
  title={GATE, a general architecture for text engineering},
  author={Cunningham, H.},
  journal={Computers and the Humanities},
  volume={36},
  number={2},
  pages={223--254},
  year={2002},
  publisher={Springer}
}


@inproceedings{chiarcos2010-lrec,
    fullauthor="Christian Chiarcos",
    author="Chiarcos, C.",
    year="2010",
    title="Grounding an Ontology of Linguistic Annotations in the {Data Category Registry}",
    fullbooktitle="Proceedings of the LREC 2010 Workshop Language Resource and Language Technology Standards (LT\&LTS). State of the Art, Emerging Needs, and Future Developments",
    booktitle="LREC 2010 Workshop on Language Resource and Language Technology Standards (LT\&LTS)",
    address="Valetta, Malta",
    month="May",
    pages="37-40"
}


@InProceedings{chiarcos-erjavec:2011:LAW,
  fullauthor    = {Chiarcos, Christian  and  Erjavec, Tomaz},
  author="Chiarcos, C. and Erjavec, T.",
  title     = {{OWL/DL formalization of the MULTEXT-East morphosyntactic specifications}},
  booktitle = {Proc. 5th Linguistic Annotation Workshop, held in conjunction with ACL-HTL 2011},
  month     = {June},
  year      = {2011},
  fulladdress   = {Portland, Oregon, USA},
  address="Portland",
  nopublisher = {Association for Computational Linguistics},
  pages     = {11--20},
  nourl       = {http://www.aclweb.org/anthology/W11-0402}
}



@inproceedings{hellmann-etal2010-tigercorpusnavigator,
    fullauthor="Sebastian Hellmann and Jörg Unbehauen and Christian Chiarcos and Axel-Cyrille {Ngonga Ngomo}",
    author="Hellmann, S. and Unbehauen, J. and Chiarcos, C. and Ngonga Ngomo, A.",
    year="2010",
    title="{The TIGER Corpus Navigator}",
    noeditor="Kaili Müürisep and Marco Passarotti and Markus Dickinson",
    booktitle="Proc. 9th International Workshop on Treebanks and Linguistic Theories (TLT-9)",
    nopublisher="Northern European Association for Language Technology (NEALT)",
    address="Tartu, Estonia",
    noaddress="Tartu",
    noseries="NEALT Proceedings Series, Vol. 9",
    pages="91-102"
}


@article{mccrae2011linking,
  title={Linking Lexical Resources and Ontologies on the Semantic Web with {Lemon}},
  author={McCrae, J. and Spohr, D. and Cimiano, P.},
  journal={The {Semantic Web}: {Research} and Applications},
  pages={245--259},
  year={2011},
  publisher={Springer}
}

@INPROCEEDINGS{ pareja-lora:ontology-based,
fullAUTHOR = "Antonio Pareja-Lora and Guadalupe Aguado de Cea",
author="Pareja-Lora, A. and Aguado de Cea, G.",
TITLE = "Ontology-based Interoperation of Linguistic Tools for an Improved Lemma Annotation in {Spanish}",
booktitle = "Proc. LREC 2010",
address="Valetta, Malta",
YEAR = {2010}  }


@techreport{telljohann-etal03-tuebadz,
    author="Telljohann, H. and Hinrichs, E. W. and Kübler, S.",
    year="2003",
    title="Stylebook for the {Tübingen} treebank of written {German} {(TüBa-D/Z)}",
    institution="Seminar für Sprachwissenschaft, Universität Tübingen",
    address="Tübingen, Germany"
}


@inproceedings{schuurman-windhouwer-2011-relcat,
    author="Schuurman, I. and Windhouwer, M.A.",
    title="Explicit Semantics for Enriched Documents. {What} Do {ISOcat, RELcat and SCHEMAcat} Have To Offer?",
    booktitle="Proc. 2nd Supporting Digital Humanities conference (SDH 2011)",
    address="Copenhagen, Denmark",
    month="November",
    year="2011"
}


@inproceedings{kemps2010relish,
  title={{RELISH:} {Rendering} endangered languages lexicons interoperable through standards harmonisation},
  author={Kemps-Snijders, M.},
  booktitle={7th SaLTMiL Workshop on Creation and use of basic lexical resources for less-resourced languages, held in conjunction with LREC 2010},
  address="Valetta, Malta",
  month="May", year="2010",
}


@misc{chiarcos-etal2012-lrec-owlg,
    title="{The Open Linguistics Working Group}",
    author="Chiarcos, C. and Hellmann, S. and Nordhoff, S. and others",
    year="this vol."
}

@misc{chiarcos2012-lrec-powla,
    title="A generic formalism to represent linguistic corpora in {RDF and OWL/DL}",
    author="Chiarcos, C.",
    year="this vol."
}

@inproceedings{chiarcos2012-eswc-powla,
    title="{POWLA: Modeling} linguistic corpora in {OWL/DL}",
    author="Christian Chiarcos",
    year="2012",
    booktitle="Proceedings of the ",
    address="Heraklion, Crete",
    month="May"
}


@article{lehmann2011class,
  title={Class expression learning for ontology engineering},
  author={Lehmann, J. and Auer, S. and Tramp, S. and others},
  journal={Journal of Web Semantics},
  volume="9",
  number="1",
  pages="71--81",
  year={2011},
  nopublisher={Elsevier}
}
