
@inproceedings{	TUD-CS-2012-0023,
	author = {Iryna Gurevych and Judith Eckle-Kohler and Silvana Hartmann and Michael
Matuschek and Christian M. Meyer and Christian Wirth},
	title = {{Uby - A Large-Scale Unified Lexical-Semantic Resource}},
	year = {2012},
	booktitle = {Proceedings of the 13th Conference of the European Chapter of the
Association for Computational Linguistics (EACL 2012)},
	pages = {580--590},
	address = {Avignon, France},
	pubkey = {TUD-CS-2012-0023},
	research_area = {Ubiquitous Knowledge Processing},
	research_sub_area = {UKP_p_QAEL, UKP_p_EduWeb, UKP_a_ENLP},
	Website = {www.ukp.tu-darmstadt.de/data/uby (Link: http://www.ukp.tu-darmstadt.de/\"http://www.ukp.tu-darmstadt.de/data/uby\" )},
}

@article{DBLP:journals/corr/abs-0912-2881,
  author    = {Lothar Lemnitzer and
               Laurent Romary and
               Andreas Witt},
  title     = {Representing human and machine dictionaries in Markup languages},
  journal   = {CoRR},
  volume    = {abs/0912.2881},
  year      = {2009},
  ee        = {http://arxiv.org/abs/0912.2881},
  bibsource = {DBLP, http://dblp.uni-trier.de}
}

@article{DBLP:journals/corr/abs-0911-5116,
  author    = {Laurent Romary},
  title     = {Standardization of the formal representation of lexical
               information for NLP},
  journal   = {CoRR},
  volume    = {abs/0911.5116},
  year      = {2009},
  ee        = {http://arxiv.org/abs/0911.5116},
  bibsource = {DBLP, http://dblp.uni-trier.de}
}


@incollection{	TUD-CS-2013-0003,
	author = {Judith Eckle-Kohler and Iryna Gurevych and Silvana Hartmann and Michael
Matuschek and Christian M. Meyer},
	title = {UBY-LMF - exploring the boundaries of language-independent lexicon models},
	year = {2013},
	publisher = {	ISTE - Wiley},
	address = {London, UK},
	booktitle = {LMF: Lexical Markup Framework, theory and practice},
	editor = {Gil Francopoulo},
	pages = {(to appear)},
	language = {English},
	pubkey = {TUD-CS-2013-0003},
	research_area = {Ubiquitous Knowledge Processing},
	research_sub_area = {UKP_p_UBY, not_reviewed},
	Website = {http://www.ukp.tu-darmstadt.de/uby/ (Link: http://www.ukp.tu-darmstadt.de/\"http://www.ukp.tu-darmstadt.de/uby/\" )},
}

@inproceedings{	TUD-CS-2012-0024,
	author = {Judith Eckle-Kohler and Iryna Gurevych},
	title = {{Subcat-LMF: Fleshing out a standardized format for subcategorization frame
interoperability}},
	year = {2012},
	address = {Avignon, France},
	booktitle = {Proceedings of the 13th Conference of the European Chapter of the
Association for Computational Linguistics (EACL 2012)},
	pages = {550--560},
	pubkey = {TUD-CS-2012-0024},
	research_area = {Ubiquitous Knowledge Processing},
	research_sub_area = {Educational Natural Language Processing, UKP_p_UBY, UKP_p_InCoRe},
	pdf = {fileadmin/user_upload/Group_UKP/publikationen/2012/EACL2012subcatLMFcamera.pdf},
}


@article{BaroniBFZ09,
  author    = {Marco Baroni and
               Silvia Bernardini and
               Adriano Ferraresi and
               Eros Zanchetta},
  title     = {The {WaCky} wide web: a collection of very large linguistically
               processed web-crawled corpora},
  journal   = {Language Resources and Evaluation},
  volume    = {43},
  number    = {3},
  year      = {2009},
  pages     = {209-226}
}

@MISC{Kipper2005,
  author = {Karin Kipper-Schuler},
  title = {{VerbNet: A broad-coverage, comprehensive verb lexicon. PhD. Thesis. 
Computer and 	Information Science Dept., University of Pennsylvania. Philadelphia, PA.}},
  year = {2005}
}


@book{cruse1986lexical,
  title={Lexical Semantics},
  author={Cruse, D.A.},
  isbn={9780521256780},
  lccn={86000917},
  series={Cambridge Textbooks in Linguistics},
  url={http://books.google.de/books?id=LjBiQgAACAAJ},
  year={1986},
  publisher={Cambridge University Press}
}

@InProceedings{WINDHOUWER12.954,
  author = {Menzo Windhouwer},
  title = {{RELcat: a Relation Registry for ISOcat data categories}},
  booktitle = {Proceedings of the Eight International Conference on Language Resources and Evaluation (LREC'12)},
  year = {2012},
   date = {23-25},
  pages = {3661 -- 3664},
  address = {Istanbul, Turkey}
 } 

@InProceedings{klenner:2007:PosterDemo,
  author    = {Klenner, Manfred},
  title     = {Shallow Dependency Labeling},
  booktitle = {Proceedings of the 45th Annual Meeting of the Association for Computational Linguistics (ACL), Companion Volume Proceedings of the Demo and Poster Sessions},
  year      = {2007},
  address   = {Prague, Czech Republic},
  pages     = {201--204}
}

@inproceedings{Deoskar:2008:RLP:1599081.1599106,
 author = {Deoskar, Tejaswini},
 title = {{Re-estimation of lexical parameters for treebank PCFGs}},
 booktitle = {Proceedings of the 22nd International Conference on Computational Linguistics (COLING)},
 year = {2008},
 isbn = {978-1-905593-44-6},
 address = {Manchester, United Kingdom},
 pages = {193--200},
 numpages = {8}
} 

@InProceedings{QUOCHI08.576,
  author = {Valeria Quochi and Monica Monachini and Riccardo Del Gratta and Nicoletta Calzolari},
  title = {A lexicon for biology and bioinformatics: the BOOTStrep experience.},
  booktitle = {Proceedings of the Sixth International Conference on Language Resources and Evaluation (LREC'08)},
  year = {2008},
  date = {28-30},
  pages = {2285--2292},
  address = {Marrakech, Morocco}
 }


@inproceedings{Sigogne2011,
	author = {Anthony Sigogne and Matthieu Constant and {\'E}ric Laporte},
	title = {Integration of Data from a Syntactic Lexicon into Generative and
Discriminative Probabilistic Parsers},
	year = {2011},
	booktitle = {Proceedings of the International Conference on Recent Advances in Natural
Language Processing},
	pages = {363--370},
	address = {Hissar, Bulgaria}
}


@article{Collins:2005:DRN:1122624.1122627,
 author = {Collins, Michael and Koo, Terry},
 title = {Discriminative Reranking for Natural Language Parsing},
 journal = {Computational Linguistics},
 issue_date = {March 2005},
 volume = {31},
 issue = {1},
 month = {March},
 year = {2005},
 issn = {0891-2017},
 pages = {25--70},
 numpages = {46},
 url = {http://dx.doi.org/10.1162/0891201053630273},
 doi = {http://dx.doi.org/10.1162/0891201053630273},
 acmid = {1122627},
 publisher = {MIT Press},
 address = {Cambridge, MA, USA}
} 


@inproceedings{Swier:2005:EVL:1220575.1220686,
 author = {Swier, Robert S. and Stevenson, Suzanne},
 title = {Exploiting a verb lexicon in automatic semantic role labelling},
 booktitle = {Proceedings of the conference on Human Language Technology and Empirical Methods in Natural Language Processing (HLT'05)},
 year = {2005},
 address = {Vancouver, British Columbia, Canada},
 pages = {883--890}
} 


@inproceedings{	TUD-CS-2011-0203,
	author = {Christian M. Meyer and Iryna Gurevych},
	title = {{What Psycholinguists Know About Chemistry: Aligning Wiktionary and WordNet
for Increased Domain Coverage}},
	year = {2011},
	booktitle = {Proceedings of the 5th International Joint Conference on Natural Language
Processing (IJCNLP)},
	pages = {883--892},
	address = {Chiang Mai, Thailand}
}

@inproceedings{DBLP:conf/coling/GrishmanMM94,
  author    = {Ralph Grishman and
               Catherine Macleod and
               Adam Meyers},
  title     = {{Comlex Syntax: Building a Computational Lexicon}},
  booktitle = {Proceedings of the 15th International Conference on Computational Linguistics (COLING)},
  address = {Kyoto, Japan},
  year      = {1994},
  pages     = {268--272}
}


@inproceedings{Buitelaar2009,
address = {Berlin Heidelberg},
author = {Buitelaar, Paul and Cimiano, Philipp and Haase, Peter and Sintek, Michael},
booktitle = {The Semantic Web: Research and Applications},
editor = {Aroyo, Lora and Traverso, Paolo and Ciravegna, Fabio and Cimiano, Philipp and Heath, Tom and 
Hyv{\"o}nen, Eero and Mizoguchi, Riichiro and Oren, Eyal and Sabou, Marta and Simperl, Elena},
keywords = {ref},
mendeley-tags = {ref},
pages = {111--125},
publisher = {Springer-Verlag },
title = {{Towards Linguistically Grounded Ontologies}},
year = {2009}
}

@inproceedings{Necsulescu2011,
title = {{Towards the Automatic Merging of Language Resources}},
address = {Ljubljana, Slovenia},
author = {Necsulescu, Silvia and Bel, N\'{u}ria and Padr\'{o}, Munsta and Marimon, Montserrat and Revilla, Eva},
booktitle = {Proceedings of the 2011 ESSLI Workshop on Lexical Resources (WoLeR 2011)},
year = {2011}
}

@inproceedings{Padro2011,
title = {{Towards the Automatic Merging of Lexical Resources: Automatic Mapping}},
author = {Padr\'{o}, Muntsa and Bel, N\'{u}ria and Necsulescu, Silvia},
year = {2011},
booktitle = {Proceedings of the International Conference on Recent Advances in Natural
Language Processing},
pages = {296--301},
address = {Hissar, Bulgaria}
}


@BOOK{Atk:2008,
  title = {The Oxford Guide to Practical Lexicography},
  publisher = {Oxford University Press},
  year = {2008},
  author = {B.~T.~Sue Atkins and Michael Rundell},
  address = {Oxford, UK}
}

@misc{framenetbook,
  author = {Josef Ruppenhofer and Michael Ellsworth and Miriam R. L. Petruck and Christopher R. Johnson and Jan Scheffczyk},
  title = {{FrameNet II: Extended Theory and Practice}},
   year = {2010}
}

@book{Fellbaum1998,
address = {Cambridge, MA, USA},
author = {Fellbaum, Christiane},
editor = {Fellbaum, Christiane},
publisher = {MIT Press},
title = {{WordNet: An Electronic Lexical Database}},
year = {1998}
}

@article {kipper08,
   author = {Karin Kipper and Anna Korhonen and Neville Ryant and Martha Palmer},
   title = {{A Large-scale Classification of English Verbs}},
   journal = {Language Resources and Evaluation},
   publisher = {Springer Netherlands},
   pages = {21-40},
   volume = {42},
   issue = {1},
   year = {2008}
}


@inproceedings{BakerFillmoreLowe:98,
	title = {The {B}erkeley {F}rame{N}et project},
	booktitle = {Proceedings of the 36th Annual Meeting of the Association for Computational Linguistics 
and 17th International Conference on Computational Linguistics (COLING-ACL'98)},
	year = {1998},
	pages = {86--90},
	address = {Montreal, Canada},
	author = {Baker, Collin F. and Fillmore, Charles J. and Lowe, John B.}
}


@misc{interop2011,
author = {Nancy Ide and James Pustejovsky},
title = {{Issues and Strategies for Interoperability among NLP Software Systems and Resources, Tutorial at the
5th International Joint Conference on Natural Language
Processing (IJCNLP)}},
year = {2011},
address = {Chiang Mai, Thailand}
   }
   
@misc{lirics2007,
author = {Amanda Schiffrin and Harry Bunt},
title = {{Documented compilation of semantic data categories, LIRICS Deliverable D4.3,
http://lirics.loria.fr/documents.html}},
year = {2007}
   }
  
@misc{meta2012,   
 author = {Penny Labropoulou and Elina Desipri},
 title = {{Documentation and User Manual of the META-SHARE Metadata Model, 
 http://www.meta-net.eu}},
 year = {2012}
   }
   
   @misc{relish2010,   
 author = {Laurent Romary},
 title = {{Using the TEI framework as a possible serialization for LMF, presentation at the 
 RELISH workshop}},
 address = {Nijmegen},
 month     = {August},
 year = {2010}
   }

@incollection{romary:hal-00436328,
    hal_id = {hal-00436328},
    url = {http://hal.archives-ouvertes.fr/hal-00436328},
    title = {{Standardization of the formal representation of lexical information for NLP}},
    author = {Romary, Laurent},
    abstract = {{A survey of dictionary models and formats is presented as well as a presentation of corresponding recent standardisation activities.}},
    language = {English},
    affiliation = {GEMO - INRIA Saclay - Ile de France , Institut f{\"u}r Deutsche Sprache und Linguistik - IDSL},
    booktitle = {{Dictionaries. An International Encyclopedia of Lexicography. Supplementary volume: Recent developments with special focus on computational lexicography}},
    publisher = {Mouton de Gruyter},
    year = {2010},
    pdf = {http://hal.archives-ouvertes.fr/hal-00436328/PDF/Chap99RomaryUnformatted.pdf},
}

   
   @InProceedings{gavrilidou,
  author    = {Gavrilidou, Maria  and  Labropoulou, Penny  and  Piperidis, Stelios  and  Monachini, Monica  and  Frontini, Francesca  and  Francopoulo, Gil  and  Arranz, Victoria  and  Mapelli, Val\'{e}rie},
  title     = {{A Metadata Schema for the Description of Language Resources (LRs)}},
  booktitle = {Proceedings of the Workshop on Language Resources, Technology and Services in the Sharing Paradigm},
  year      = {2011},
  address   = {Chiang Mai, Thailand},
  publisher = {Asian Federation of Natural Language Processing},
  pages     = {84--92},
  url       = {http://www.aclweb.org/anthology/W11-3311}
}

   
   @InProceedings{BROEDER12.581,
  author = {Daan Broeder and Dieter van Uytvanck and Maria Gavrilidou and Thorsten Trippel and Menzo Windhouwer},
  title = {Standardizing a Component Metadata Infrastructure},
  booktitle = {Proceedings of the Eight International Conference on Language Resources and Evaluation (LREC'12)},
  year = {2012},
  date = {23-25},
  pages = {1387 -- 1390},
  address = {Istanbul, Turkey}
 } 
   


@inproceedings{Manning2004,
author = {Galen Andrew and Trond Grenager and Christopher D. Manning},
title = {{Verb sense and subcategorization: using joint inference to improve performance on complementary tasks}}, 
booktitle = {Proceedings of the 2004 Conference on Empirical Methods in Natural Language Processing (EMNLP)},
year = {2004},
pages = {150--157},
address = {Barcelona, Spain}
}

@INPROCEEDINGS{Tokunaga2009,
  author = {Tokunaga, Takenobu and Kaplan, Dain and Calzolari, Nicoletta and
	Monachini, Monica and Soria, Claudia and Sornlertlamvanich, Virach
	and Charoenporn, Thatsanee and Xia, Yingju and Huang, Chu-Ren and
	Hsieh, Shu-Kai and Shirai, Kiyoaki},
  title = {{Query Expansion using {LMF}-Compliant Lexical Resources}},
  booktitle = {Proceedings of the 7th Workshop on Asian Language Resources},
  year = {2009},
  pages = {145--152},
  address = {Suntec, Singapore}
 }


@inproceedings{Baker:1998:BFP:980845.980860,
 author = {Baker, Collin F. and Fillmore, Charles J. and Lowe, John B.},
 title = {{The Berkeley FrameNet Project}},
 booktitle = {Proceedings of the 36th Annual Meeting of the Association for Computational Linguistics and 17th International Conference on Computational Linguistics (ACL/COLING) -- Volume 1},
 year = {1998},
 address = {Montreal, Quebec, Canada},
 pages = {86--90},
 numpages = {5}
 } 

 @inproceedings{Sun:2010:ICP:1873781.1873900,
 author = {Lin Sun and Anna Korhonen and Thierry Poibeau and C\'{e}dric Messiant},
 title = {{Investigating the cross-linguistic potential of VerbNet-style classification}},
 booktitle = {Proceedings of the 23rd International Conference on Computational Linguistics (COLING)},
 year = {2010},
 address = {Beijing, China},
 pages = {1056--1064}
 } 

@article{Gildea:2002:ALS:643092.643093,
 author = {Gildea, Daniel and Jurafsky, Daniel},
 title = {Automatic labeling of semantic roles},
 journal = {Computational Linguistics},
 issue_date = {September 2002},
 volume = {28},
 issue = {3},
 month = {September},
 year = {2002},
 pages = {245--288},
 numpages = {44},
 address = {Cambridge, MA, USA}
} 



@inproceedings{Pradhan:2007:OUR:1304608.1306378,
 author = {Pradhan, Sameer S. and Hovy, Eduard and Marcus, Mitch and Palmer, Martha and Ramshaw, Lance and Weischedel, Ralph},
 title = {{OntoNotes}: A Unified Relational Semantic Representation},
 booktitle = {Proceedings of the International Conference on Semantic Computing},
 year = {2007},
 isbn = {0-7695-2997-6},
 pages = {517--526},
 numpages = {10},
 address = {Washington, DC, USA}
} 


@INPROCEEDINGS{MonachiniM.2007,
  author = {Monica Monachini and Valeria Quochi and Riccardo Del Gratta and Nicoletta Calzolari},
  title = {{Using {LMF} to Shape a Lexicon for the Biomedical Domain}},
  booktitle = {Proceedings of LangTech},
  year = {2008},
  address = {Rome, Italy}
 }


@book{wordnet,
  editor = {Christiane Fellbaum},
  publisher = {The MIT Press},
  title = {{WordNet}: An Electronic Lexical Database },
  year = {1998},
  address = {Cambridge, USA}
}

@inproceedings{Henrich:2010:SWI:1873781.1873833,
 author = {Henrich, Verena and Hinrichs, Erhard},
 title = {{Standardizing wordnets in the {ISO} standard {LMF}: Wordnet-{LMF} for {G}erma{N}et}},
 booktitle = {Proceedings of the 23rd International Conference on Computational Linguistics (COLING)},
 year = {2010},
 address = {Beijing, China},
 pages = {456--464}
} 


@INPROCEEDINGS{Chiarcos2010,
  author = {Christian Chiarcos},
  title = {Towards robust multi-tool tagging. An {OWL}/{DL}-based approach},
  booktitle = {Proceedings of the 48th Annual Meeting of the Association for Computational
	Linguistic},
  year = {2010},
  pages = {659-670},
  organization = {Association for Computational Linguistic},
  owner = {Andreas},
  timestamp = {2011.01.18},
}

@inproceedings{Toral2010icgl,
author = {Antonio Toral and Monica Monachini and Claudia Soria and Montse Cuadros and German Rigau and Wauter Bosma and
 Piek Vossen},
title = {{Linking a domain thesaurus to {WordNet} and conversion to {W}ord{N}et-{LMF}}},
booktitle = {Proceedings of the 5th Joint ISO-ACL/SIGSEM Workshop on Interoperable Semantic Annotation, 
in conjunction with the Second International Conference on Global Interoperability for Language Resources}, 
address = {Hong Kong}, 
year = {2010}
}

@inproceedings{Ide2010,
  author = {Nancy Ide and James Pustejovsky},
  title = {{What Does Interoperability Mean, anyway? Toward an Operational Definition of Interoperability}},
  booktitle = {Proceedings of the Second International Conference on Global Interoperability
	for Language Resources},
  year = {2010},
  address = {Hong Kong}
}

@inproceedings{Jing:1998:CML:980845.980946,
 author = {Jing, Hongyan and McKeown, Kathleen},
 title = {Combining multiple, large-scale resources in a reusable lexicon for natural language generation},
 booktitle = {Proceedings of the 36th Annual Meeting of the Association for Computational Linguistics and 17th International Conference on Computational Linguistics - Volume 1},
 series = {ACL '98},
 year = {1998},
 address = {Montreal, Quebec, Canada},
 pages = {607--613},
 numpages = {7},
 url = {http://dx.doi.org/10.3115/980845.980946},
 doi = {http://dx.doi.org/10.3115/980845.980946},
 acmid = {980946},
 address = {Stroudsburg, PA, USA},
} 

@inproceedings{TracyHollowayKing,
  author = {Tracy Holloway King and Dick Crouch},
  title = {Unifying lexical resources},
  booktitle = {Proceedings of the Interdisciplinary Workshop on the Identification and Representation of Verb Features and Verb Classes},
  address = {Saarbruecken, Germany},
  year = {2005},
  owner = {Andreas},
  timestamp = {2011.01.18}
}


@INPROCEEDINGS{EduardHovy2006,
  author = {Eduard Hovy and Mitchell Marcus and Martha Palmer and Lance Ramshaw and Ralph
	Weischedel},
  title = {OntoNotes: The 90% Solution},
  booktitle = {Proceedings of the Human Language Technology Conference of the NAACL,
	Companion},
  year = {2006},
  pages = {57-60},
  organization = {Association for Computational Linguistics},
  owner = {Andreas},
  timestamp = {2011.01.19}
}

@INPROCEEDINGS{Loper2007,
  author = {Edward Loper and Szu ting Yi and Martha Palmer},
  title = {Combining lexical resources: Mapping between {Propbank} and {Verbnet}},
  booktitle = {Proceedings of the 7th International Workshop on Computational Linguistics},
  year = {2007},
  address = {Tilburg, the Netherlands},
 }


@inproceedings{Shi,
  author = {Lei Shi and Rada Mihalcea},
  title = {Putting Pieces Together: Combining {FrameNet}, {VerbNet} and {WordNet} for Robust Semantic Parsing},
  year = {2005},
  booktitle = {Proceedings of the Sixth International Conference on Intelligent Text Processing and Computational Linguistics (CICLing)},
  pages = {100--111},
  address = {Mexico City, Mexico},
  }


@INPROCEEDINGS{WordNet2010,
  title = {Exploring The Integration Of {WordNet} And {FrameNet}},
  author = {Egoitz Laparra and German Rigau and Montse Cuadros},
  booktitle = {Global WordNet Conference 2010},
  year = {2010},
  owner = {Andreas},
  timestamp = {2011.01.19},
  url = {http://www.globalwordnet-iitb2010.in/proceedings.php}
}

@book{quirk1980grammar,
  title={A Grammar of contemporary English},
  author={Quirk, Randolph},
  isbn={9780582524446},
  url={http://books.google.co.uk/books?id=YEBBAQAAIAAJ},
  year={1980},
  publisher={Longman}
}

@incollection{calzolariEAGLES96,
author = {Nicoletta Calzolari and Monica Monachini},
editor = {G. Perissinotto},
  title = {{{EAGLES} Proposal for Morphosyntactic Standards: in view of a ready-to-use package}},
  booktitle = {Research in Humanities Computing},
    publisher = {Oxford University Press},
    pages = {48--64},
   address = {Oxford, UK},
   year = {1996},
  volume = {5}  
}

@inproceedings{Baker:2008,
 author = {Baker, Collin F. and Fellbaum, Christiane},
 title = {Can {WordNet} and {FrameNet} be Made {“Interoperable”}?},
 booktitle = {Proceedings of the First International Conference on Global Interoperability for Language Resources},
 year = {2008},
 address = {Hong Kong},
 pages = {67--74}
} 

@inproceedings{Chow:2009:ILR:1533136.1533138,
 author = {Chow, Ian C. and Webster, Jonathan J.},
 title = {Integration of Linguistic Resources for Verb Classification: {FrameNet} {Frame} {WordNet} {Verb} and 
 {Suggested Upper Merged Ontology}},
 booktitle = {Proceedings of CICLing '07},
 year = {2007},
 isbn = {978-3-540-70938-1},
 address = {Mexico City, Mexico},
 pages = {1--11},
 numpages = {11},
 address = {Berlin, Heidelberg},
} 

@inproceedings{Tonelli:2009:NAM:1693756.1693800,
 author = {Tonelli, Sara and Pianta, Emanuele},
 title = {A novel approach to mapping {FrameNet} lexical units to {WordNet} synsets},
 booktitle = {Proceedings of the Eighth International Conference on Computational Semantics},
 series = {IWCS-8 '09},
 year = {2009},
 isbn = {978-90-74029-34-6},
 address = {Tilburg, The Netherlands},
 pages = {342--345},
 numpages = {4},
} 


@InProceedings{laparra-rigau:2009:RANLP09,
  author    = {Laparra, Egoitz  and  Rigau, German},
  title     = {Integrating {WordNet} and {FrameNet} using a {Knowledge-based Word Sense Disambiguation Algorithm}},
  booktitle = {Proceedings of the International Conference RANLP-2009},
  year      = {2009},
  address   = {Borovets, Bulgaria},
  pages     = {208--213},
  url       = {http://www.aclweb.org/anthology/R09-1039}
}

@InProceedings{FERRNDEZ10.636,
  author = {Ferr\'{a}ndez, \'{O}scar and Ellsworth, Michael  and Muñoz, Rafael  and Baker, Collin F.},
  title = {{Aligning {FrameNet} and {WordNet} based on Semantic Neighborhoods}},
  booktitle = {Proceedings of the Seventh  International Conference on Language Resources and Evaluation (LREC)},
  year = {2010},
  address = {Valletta, Malta}
 }
 
@InProceedings{Kunze02,
  author = {Kunze, Claudia and Lemnitzer, Lothar},
  title = {{GermaNet} — representation, visualization, application},
  booktitle = {Proceedings of the Third International Conference on Language Resources and Evaluation (LREC)},
  year = {2002},
  pages = {1485--1491},
  address = {Las Palmas, Canary Islands, Spain}
 }


@INPROCEEDINGS{FrancopouloG.2006,
	author = {Francopoulo, Gil and Bel, Nuria and George, Monte and Calzolari, Nicoletta and Monachini, Monica and Pet, Mandy and Soria, Claudia},
  title = {Lexical {Markup Framework} ({LMF})},
  booktitle = {Proceedings of the Fifth International Conference on Language Resources and Evaluation (LREC)},
  address = {Genoa, Italy},
  pages = {233--236},
  year = {2006}
}

@INPROCEEDINGS{Burchardt2006,
	author = {Aljoscha Burchardt and Katrin Erk and Anette Frank and Andrea Kowalski and Sebastian Padó and Manfred Pinkal},
  title = {{The {SALSA} Corpus: a German Corpus Resource for Lexical Semantics}},
  booktitle = {Proceedings of the Fifth International Conference on Language Resources and Evaluation (LREC)},
  address = {Genoa, Italy},
  pages = {969--974},
  year = {2006}
}

@INPROCEEDINGS{BrownIWCS11,
  author = {Susan Windisch Brown and Dmitriy Dligach and Martha Palmer},
  title = {{VerbNet Class Assignment as a WSD Task}},
  booktitle = {Proceedings of the 9th International Conference on Computational Semantics (IWCS)},
  year = {2011},
  pages = {85--94},
  address = {Oxford, UK}
}



@book{	TUD-CS999-0006,
	author = {Judith Eckle-Kohler},
	title = {Linguistisches Wissen zur automatischen Lexikon-Akquisition aus deutschen
Textcorpora},
	year = {1999},
	publisher = {Logos-Verlag},
	school = {Technische Universit{\"a}t Stuttgart},
	address = {Berlin, Germany},
	note = {PhDThesis},
	pubkey = {TUD-CS-1999-0006},
	research_area = {Ubiquitous Knowledge Processing},
}

@book{levin93,
author = {Levin, Beth},
 year = {1993}, 
 title = {English Verb Classes and Alternations}, 
 publisher = {The University of Chicago Press}, 
address = {Chicago, USA}
}

@inproceedings{Soria:2009:WFO:1499224.1499246,
 author = {Soria, Claudia and Monachini, Monica and Vossen, Piek},
 title = {{Wordnet-{LMF}: fleshing out a standardized format for {Wordnet} interoperability}},
 booktitle = {Proceedings of the 2009 International Workshop on Intercultural Collaboration},
 year = {2009},
 isbn = {978-1-60558-502-4},
 address = {Palo Alto, California, USA},
 pages = {139--146}
} 

@InProceedings{Toral2010,
  author = {Antonio Toral and Stefania Bracale and Monica Monachini and Claudia Soria},
  title = {{Rejuvenating the Italian {WordNet}: upgrading, standarising, extending}},
  booktitle = {Proceedings of the 5th Global WordNet Conference},
  year = {2010},
  address = {Bombay, India}
 }

@InProceedings{HENRICH10.264,
  author = {Verena Henrich and Erhard Hinrichs},
  title = {{GernEdiT} - The {GermaNet} Editing Tool},
  booktitle = {Proceedings of LREC'10},
  year = {2010},
  date = {19-21},
  address = {Valletta, Malta}
} 

@incollection{ldl-windhouwer,
	author=" Windhouwer, Menzo and Wright, Sue Ellen",
	title="Linking to linguistic data categories in {ISO}cat",
	crossref="ldl2012",
	pages="99-107"
}

@book{ldl2012,
    editor="Chiarcos, Christian and Nordhoff, Sebastian and Hellmann, Sebastian",
    title="Linked Data in Linguistics. Representing and Connecting Language Data and Language Metadata",
    publisher="Springer",
    address="Heidelberg",
    year="2012",
    ISBN="978-3-642-28248-5",
    DOI="10.1007/978-3-642-28249-2",
    url="http://www.springer.com/computer/ai/book/978-3-642-28248-5"
}


	@InProceedings{BROEDER10.163,
  author = {Daan Broeder and Marc Kemps-Snijders and Dieter Van Uytvanck and Menzo Windhouwer and Peter Withers and Peter Wittenburg and Claus Zinn},
  title = {{A Data Category Registry- and Component-based Metadata Framework}},
  booktitle = {Proceedings of the Seventh  International Conference on Language Resources and Evaluation (LREC)},
  year = {2010},
    pages = {43--47},
  address = {Valletta, Malta}
 }

 @article{KempsSnijders:2009:IRM:1653752.1653757,
 author = {Marc Kemps-Snijders and Menzo Windhouwer and Peter Wittenburg and Sue Ellen Wright},
 title = {{ISOcat}: remodelling metadata for language resources},
 journal = {International Journal of Metadata, Semantics and Ontologies},
 volume = {4},
 issue = {4},
 year = {2009},
 issn = {1744-2621},
 pages = {261--276},
 numpages = {16},
 publisher = {Inderscience Publishers},
 address = {Inderscience Publishers, Geneva, SWITZERLAND},
 keywords = {Data Category Registry, ISO TC 37, ISOcat, SYNTAX, content resources, language resources, metadata registry, ontology, standard as database, terminology},
} 

@INPROCEEDINGS{Chiarcos2010b,
  author = {Christian Chiarcos},
  title = {{Grounding an Ontology of Linguistic Annotations in the Data Category Registry}},
  booktitle = {Proceedings of the Workshop on Language Resource and Language Technology Standards 2010, 
  held in conjunction with the Seventh  International Conference on Language Resources and Evaluation (LREC)},
  year = {2010},
  pages = {37--40},
 address = {Valetta, Malta}
}

@article {springerlink:10.1007/s10579-008-9077-5,
   author = {Francopoulo, Gil and Bel, Nuria and George, Monte and Calzolari, Nicoletta and Monachini, Monica and Pet, Mandy and Soria, Claudia},
   affiliation = {TAGMATICA Paris France},
   title = {Multilingual resources for NLP in the lexical markup framework ({LMF})},
   journal = {Language Resources and Evaluation},
   publisher = {Springer Netherlands},
   issn = {1574-020X},
   pages = {57-70},
   volume = {43},
   issue = {1},
   year = {2009}
}

@article {kipper2008,
   author = {Karin Kipper and Anna Korhonen and Neville Ryant and Martha Palmer},
   title = {{A Large-scale Classification of English Verbs}},
   journal = {Language Resources and Evaluation},
   publisher = {Springer Netherlands},
   pages = {21-40},
   volume = {42},
   issue = {1},
   year = {2008}
}



@InProceedings{MAKS08.439,
  author = {Isa Maks and Carole Tiberius and Remco van Veenendaal},
  title = {Standardising Bilingual Lexical Resources According to the {Lexicon Markup Framework}},
  booktitle = {Proceedings of LREC'08},
  year = {2008},
  date = {28-30},
  address = {Marrakech, Morocco}
 }

@INPROCEEDINGS{HayashiIWCS11,
  author = {Yoshihiko Hayashi},
  title = {A Representation Framework for Cross-lingual/Interlingual Lexical Semantic Correspondences },
  booktitle = {Proceedings of the International Conference on Computational Semantics
	(IWCS)},
  year = {2011},
  pages = {155-164},
  address = {Oxford}
}

@INPROCEEDINGS{Ponzetto11-16July2010,
  author = {Roberto Navigli and Simone Paolo Ponzetto},
  title = {{BabelNet: Building a very large multilingual semantic network}},
  booktitle = {Proceedings of the 48th Annual Meeting of the Association for Computational Linguistics (ACL)},
	address = {Uppsala, Sweden},
  year = {2010},
  pages = {216--225},
}

@INPROCEEDINGS{TUD-CS-2011-0017,
  author = {Elisabeth Niemann and Iryna Gurevych},
  title = {{The People's Web meets Linguistic Knowledge: Automatic Sense Alignment
	of {Wikipedia} and {WordNet}}},
  booktitle = {Proceedings of the 9th International Conference on Computational Semantics (IWCS)},
  year = {2011},
  pages = {205--214},
  address = {Oxford, UK},
 }

